2086 3413
481 1046 866 1124 Conspectus
906 1065 1123 1105 rerum
1163 1048 1586 1104 tractatarum.

309 1244 485 1277 Praefatio

942 1340 1049 1374 Pars
1078 1340 1112 1375 Ι.

307 1410 366 1443 De
391 1408 598 1444 infinitivo
624 1410 712 1444 sine
738 1410 914 1444 articulo
939 1412 1139 1454 usurpato

307 1469 351 1501 A.
381 1468 582 1501 Infinitivus
614 1469 669 1501 sui
701 1469 786 1502 iuris
820 1474 871 1501 est
902 1480 1015 1511 neque
1048 1470 1092 1501 ab
1125 1470 1197 1501 ullo
1223 1470 1291 1501 alio
1317 1470 1455 1501 nomine
1480 1470 1535 1501 vel

381 1524 489 1556 verbo
515 1525 642 1566 pendet

394 1580 473 1622 Cap.
500 1581 526 1612 Ι.
574 1582 632 1613 De
659 1581 905 1613 infinitivo
931 1592 1006 1623 pro
1032 1581 1287 1623 imperativo
1312 1582 1381 1614 vel
1409 1586 1530 1625 opta-

442 1637 532 1669 tivo
565 1638 713 1679 posito

496 1695 514 1732 ξ
542 1696 570 1725 1.
618 1694 819 1726 Infinitivus
844 1704 906 1735 pro
930 1693 1138 1735 imperativo

493 1750 511 1788 ἓ
538 1752 566 1780 2.
705 1774 719 1790 „
865 1774 880 1790 „
932 1750 1089 1791 optativo
1117 1775 1122 1781 .

401 1806 482 1846 Cap.
509 1806 551 1836 II.
601 1806 661 1837 De
688 1805 929 1837 infinitivo
955 1806 1159 1838 absoluto
1221 1832 1226 1838 .

495 1864 514 1902 ἓ
541 1864 570 1893 3.
618 1862 819 1894 Infinitivus
845 1863 1026 1894 absolutus
1051 1863 1124 1894 sine
1149 1860 1198 1903 ὡς
1221 1863 1395 1905 particula
1427 1889 1432 1895 .

493 1918 566 1957 §4
703 1943 718 1959 „
927 1944 942 1960 „
1038 1929 1118 1950 eum
1160 1944 1174 1959 „
1295 1944 1310 1960 „

404 1974 566 2016 Cap.111.
613 1974 675 2006 De
701 1975 948 2006 infinitivo
975 1975 1175 2007 subiecti
1200 1976 1294 2007 viee
1320 1976 1533 2018 fungenti

496 2031 515 2070 ξ
543 2031 573 2062 5.
623 2031 826 2062 Infinitivus
857 2031 1008 2063 subiecti
1039 2032 1115 2064 loco
1145 2032 1290 2074 ponitur
1314 2033 1405 2074 apud
1430 2033 1537 2065 verba

534 2087 780 2129 impersonalia
812 2112 818 2119 .

494 2145 513 2183 ξ
540 2145 568 2176 6.
619 2144 822 2176 Infinitivus
855 2145 1006 2177 subiecti
1038 2145 1114 2177 loco
1143 2145 1285 2187 ponitur
1311 2146 1403 2188 apud
1428 2146 1535 2178 verba

531 2200 672 2242 passiva
710 2225 716 2232 .

490 2258 509 2296 ξ
537 2259 568 2288 7.
618 2256 820 2288 Infinitivus
845 2257 995 2289 subiecti
1018 2258 1095 2289 loeo
1120 2258 1262 2300 ponitur
1286 2258 1377 2300 apud
1410 2262 1535 2290 neutra

539 2312 795 2344 adieetivorum
821 2317 883 2344 aut
907 2313 1127 2346 substantiva

493 2368 511 2406 ξ
530 2369 560 2399 8.
602 2368 803 2400 Infinitivus
820 2369 961 2400 additur
978 2370 1204 2411 appositionis
1222 2374 1283 2402 aut
1304 2381 1534 2413 epexegeseos

536 2422 649 2454 instar
674 2424 893 2455 substantivo
919 2429 979 2456 aut
1003 2426 1199 2466 pronomini
1216 2427 1435 2459 antecedenti
1453 2427 1534 2459 sub-

527 2478 609 2510 iecti
636 2479 713 2511 viee
739 2480 968 2521 fungentibus
1016 2505 1022 2512 .

307 2535 345 2566 B.
375 2534 578 2567 Infinitivus
605 2536 648 2567 ab
674 2535 752 2567 aliis
776 2536 941 2567 membris
966 2537 1132 2569 orationis
1155 2539 1283 2580 pendet
1323 2564 1328 2570 .

390 2590 470 2632 Cap.
496 2591 553 2622 IV.
602 2591 735 2623 Solus
761 2591 1023 2624 infinitivus
1048 2604 1068 2625 a
1092 2595 1246 2626 verbis
1272 2596 1428 2637 pendet

482 2648 501 2686 ἓ
529 2649 558 2680 9.
607 2647 724 2680 Verba
751 2648 956 2689 voluntatis,
982 2649 1162 2691 cupiendi,
1199 2652 1336 2684 consilii
1360 2652 1529 2695 capiendi,

537 2713 613 2735 slm.

486 2759 506 2798 ξ
534 2761 586 2791 10.
635 2759 755 2792 Verba
779 2757 935 2803 ἐφετικά
960 2772 1049 2802 quae
1074 2767 1245 2795 vocantur

482 2815 501 2854 §
528 2818 579 2847 11.
676 2841 691 2857 „
766 2816 987 2858 decernendi,
1016 2819 1193 2851 statuendi
1316 2844 1322 2851 .
1417 2844 1424 2852 .

488 2872 507 2910 ἓ
536 2874 586 2902 12.
683 2897 698 2913 „
774 2873 961 2914 efficiendi,
987 2875 1194 2907 facultatem
1219 2875 1372 2908 habendi
1421 2902 1427 2909 .

1640 1218 1710 1277 ,Μ’
1744 1247 1758 1276 1

1652 1414 1761 1443 2—60

1652 1527 1761 1556 2—13

1740 1641 1758 1669 2

1741 1697 1758 1725 2

1739 1753 1756 1781 2

1672 1809 1758 1838 3-8

1674 1866 1760 1894 3-4

1673 1921 1759 1950 4-8

1649 1978 1759 2008 8-13

1650 2090 1757 2120 8—11

1628 2205 1642 2232 1
1652 2204 1757 2232 1-12

1630 2316 1759 2345 12-13

1718 2485 1757 2515 13

1629 2541 1759 2571 13--60

1624 2598 1754 2628 13—24

1626 2709 1756 2739 14—16

1624 2766 1754 2796 16-17

1714 2823 1751 2851 17

1626 2878 1755 2909 17-19
