2055 3387
1059 314 1084 354 6

349 439 408 495 ὡς
438 441 606 488 εἰκάσαι
636 451 697 486 est
726 454 770 486 ut
810 445 993 487 conicere
1037 446 1130 488 licet
1168 461 1200 488 s,
1238 447 1475 489 coniectura
1512 448 1556 490 si
1589 449 1656 490 uti
1690 449 1795 492 licet.

349 524 493 559 contra
530 516 799 557 assimulandi
844 523 884 557 et
937 517 1209 572 comparandi
1240 519 1587 572 significationem
1629 517 1797 564 εἰκάσαι

346 589 475 630 habet
519 588 597 628 hoe
640 588 680 627 in
713 587 906 643 exemplo
933 603 942 628 ε
972 587 1040 629 ΙΧ
1060 589 1114 629 34
1136 578 1267 638 οὗτος
1287 589 1487 644 ἐμιμέετο
1507 587 1796 646 ΖΡῙελάμποὸα,

348 653 406 709 ὡς
437 655 605 701 εἰκάσαι
633 658 860 714 βασιληίην
887 675 935 701 τε
965 660 1037 701 καὶ
1066 660 1299 716 πολιτηίην
1335 660 1617 717 αἰτεομένους
1659 672 1796 718 quote-

344 746 423 771 nus
453 730 546 771 licet
574 745 664 770 eum
692 730 769 785 qui
792 730 1226 786 regiamdz'qnicatem
1253 733 1356 786 petiz}
1384 733 1574 785 conferre
1602 749 1693 775 cum
1721 734 1796 776 illo

345 802 421 857 qui
464 802 531 842 ius
573 801 758 842 civitatis
804 802 1001 856 consequi
1043 801 1178 844 studet
1199 803 1246 854 l).
1343 804 1510 844 tertium
1556 804 1796 860 exemplum

344 872 474 913 habes
503 872 571 912 IX
600 872 653 912 32
683 866 741 921 ὡς
770 872 816 914 δὲ
846 869 1087 924 ἐπεικάσαι,
1118 873 1161 923 ἐς
1189 874 1324 916 πέντε
1353 871 1565 929 μυριάδας
1595 879 1796 931 συλλεγῆ-

345 959 415 985 ναι
445 939 618 997 εἰκάζω,
648 943 718 984 ubi
747 945 788 984 in
823 945 1007 984 enutiato
1038 945 1236 1000 primario
1265 945 1376 986 idem
1408 946 1496 986 fere
1527 946 1703 987 verbum
1732 962 1792 988 re-

344 1015 501 1070 petitur
523 1014 636 1070 quod
659 1020 723 1055 est
751 1015 1003 1056 ininfinitivo
1037 1016 1230 1057 absoluto
1255 1010 1316 1065 ὠς
1338 1017 1384 1058 δὲ
1406 1013 1634 1060 ἐπεικάσαι
1661 1032 1799 1073 neque

344 1086 432 1126 eius
459 1085 707 1140 significatio
748 1086 828 1127 alia
869 1091 932 1127 est
975 1101 1024 1127 ao
1066 1087 1270 1129 formulae
1299 1082 1358 1137 ὡς
1388 1084 1556 1131 εἰκάσαι
1585 1089 1626 1129 in
1657 1090 1795 1144 priore

343 1156 412 1197 illo
455 1157 645 1212 exemplo
686 1163 910 1213 usurpatae
942 1173 950 1198 :
998 1167 1042 1199 uc
1071 1159 1255 1200 conicere
1286 1159 1381 1201 licet
1424 1175 1454 1200 s.
1485 1169 1530 1201 uc
1558 1160 1795 1202 coniectura

343 1228 513 1283 assequi
551 1227 655 1269 licet.
733 1243 862 1283 quare
906 1229 1031 1269 etiam
1076 1229 1251 1270 verbum
1306 1223 1540 1273 ιῖπεικάσαι
1593 1230 1705 1286 quod
1750 1232 1793 1271 in

344 1299 506 1340 duobus
547 1299 759 1339 codicibus
802 1299 958 1355 legitur
1006 1306 1147 1341 nostro
1189 1301 1280 1342 loco
1322 1316 1404 1342 non
1437 1303 1652 1357 congruit,
1684 1302 1792 1357 quia,

342 1376 388 1411 ut
419 1369 543 1411 docet
570 1369 818 1425 Wesseling
849 1370 922 1425 (ad
951 1370 1054 1411 Her.
1086 1370 1152 1412 IX
1182 1371 1254 1426 32)
1284 1373 1384 1428 poni
1416 1373 1521 1415 solet
1551 1373 1593 1414 in
1621 1374 1792 1414 assimu-

341 1440 464 1482 lando
495 1446 537 1481 et
567 1441 862 1497 comparando.

449 1533 609 1568 restant
638 1529 718 1568 tria
748 1528 954 1583 exempla,
986 1528 1055 1568 ubi
1088 1529 1347 1570 aecusativus
1382 1529 1460 1584 ἐμέ
1492 1531 1671 1586 subjecti
1700 1532 1792 1573 vice

340 1598 529 1652 fungitur
561 1614 569 1639 ε
600 1598 645 1639 II
675 1599 726 1640 28
758 1592 816 1648 ὥς
859 1598 933 1653 ἐμὲ
978 1600 1238 1642 κατανοέειν
1276 1609 1320 1642 ut
1361 1601 1547 1656 equidem
1591 1602 1792 1660 intelle90‚

341 1670 386 1711 II
414 1670 490 1711 125
522 1664 580 1719 ὡς
610 1669 683 1725 ἐμὲ
715 1661 760 1712 εἶ
791 1673 1039 1725 μεμνῆσθαι
1079 1679 1280 1726 quantum
1310 1687 1340 1712 s.
1384 1681 1429 1714 ut
1471 1673 1656 1728 equidem
1699 1674 1794 1715 hene

342 1742 521 1795 memini,
557 1740 639 1781 VII
669 1741 721 1782 24
751 1735 809 1790 ὡς
849 1742 928 1796 μὲν
968 1741 1041 1796 ἐμὲ
1085 1738 1446 1797 συμβαλλόμενον
1485 1738 1700 1799 εἶ’ρίσκειν
1749 1751 1794 1786 ut

343 1812 529 1868 equidem
558 1812 666 1854 hanc
695 1828 781 1853 rem
810 1813 1083 1855 considerans
1111 1815 1285 1869 reperio.

450 1899 561 1940 aliud
584 1900 822 1955 exemplum
844 1900 1039 1941 infinitivi
1062 1901 1241 1942 absoluti
1258 1916 1351 1942 cum
1381 1895 1440 1951 ὡς
1470 1902 1674 1957 particula
1695 1917 1789 1944 con-

340 1971 469 2011 iuncti
498 1970 629 2011 habes
662 1970 707 2012 II
731 1973 782 2013 10
812 1965 870 2021 ἔς
899 1988 944 2026 γε
978 1969 1088 2014 εἶναι
1118 1972 1161 2022 (i.
1193 1987 1228 2014 e.
1257 1972 1436 2028 ἐξεῖναι)
1467 1970 1622 2029 σμικρὰ
1652 1977 1791 2016 ταῦτα

340 2037 567 2096 μεγάλοισι
584 2045 820 2096 συμβαλεῖν
839 2051 1042 2098 quatenus
1063 2043 1156 2085 licet
1174 2059 1314 2099 parva
1335 2045 1527 2099 conferre
1556 2061 1646 2086 cum
1675 2062 1788 2103 maq-

339 2113 419 2154 nis.
465 2127 547 2168 quo
570 2113 661 2154 loeo
685 2115 758 2154 etsi
783 2128 926 2155 omnes
948 2115 1203 2156 recentiores
1233 2115 1414 2157 editores
1445 2110 1503 2166 ὥς
1522 2133 1569 2171 γε
1591 2117 1790 2171 scribunt,

339 2182 481 2224 Baehr
502 2184 758 2225 assensiente
776 2185 983 2226 Kiihnero
1000 2186 1032 2237 2)
1066 2180 1178 2228 ὥστε
1209 2186 1372 2227 retinet.
1433 2187 1506 2228 sed
1538 2202 1787 2243 quamquam

340 2254 504 2296 codices
526 2255 667 2311 optimi
684 2255 839 2298 ABOP
861 2257 1065 2312 praebent
1086 2252 1197 2300 ὥστε
1220 2252 1299 2313 (ὡς
1329 2258 1551 2299 exhibetur
1581 2259 1721 2300 codice
1751 2259 1790 2300 R

341 2331 381 2365 et
404 2325 499 2366 edit.
517 2325 647 2380 Ald.),
678 2332 816 2368 tamen
840 2328 1107 2369 scribendum
1140 2343 1291 2370 censeo
1314 2323 1372 2379 ὥς
1390 2346 1451 2384 γε,
1482 2331 1662 2386 primum
1693 2331 1791 2386 quia

339 2396 499 2437 nullum
541 2403 760 2452 praeterea
804 2399 944 2439 inveni
976 2400 1215 2455 exemplum
1246 2400 1344 2455 (neo
1373 2400 1513 2441 Baehr
1542 2407 1582 2442 et
1610 2402 1791 2443 Kiihner

340 2467 488 2507 similia
503 2468 760 2523 attulerunt),
778 2469 849 2510 ubi
863 2463 974 2512 ὥστε
989 2470 1194 2512 infinitivo
1209 2471 1400 2513 absoluto
1417 2471 1602 2514 additum
1620 2473 1686 2524 sit,
1701 2479 1787 2514 tum

432 2694 457 2737 ¹)
484 2696 523 2726 In
550 2695 648 2727 libris
673 2697 920 2739 manuscriptis
955 2698 1085 2740 legitur
1118 2698 1356 2730 nominativus
1387 2696 1604 2741 αἰτεόμενος
1633 2700 1690 2731 cui
1720 2700 1787 2731 lee-

339 2752 427 2784 tioni
454 2752 549 2783 Stcin
575 2756 667 2783 recto
693 2754 877 2786 substituit
901 2752 1152 2797 αἰτεομένους.

430 2806 456 2850 ²)
485 2810 542 2840 Gr.
569 2810 627 2840 Gr.
654 2812 672 2848 ᾗ
697 2812 772 2849 558,
800 2812 829 2841 3.
