2055 3387
921 388 973 428 65

230 518 424 573 ζέφυρον
453 512 629 571 ἄνεμον,
661 513 972 568 διεξελθόντας
1002 517 1048 558 δὲ
1077 520 1225 571 χῶρον
1244 512 1415 558 πολλὸν
1436 512 1679 570 ψαμμώδεα

228 590 301 630 καὶ
331 588 379 630 ἐν
407 591 592 641 πολλῇσι
631 582 808 642 ἡμέρῃσι
849 587 958 628 ἰδεῖν
997 583 1048 642 δή
1087 602 1191 628 κοτε
1229 587 1407 641 δένδρεα
1448 586 1496 628 ἐν
1539 587 1678 640 πεδίῳ

229 655 477 712 πεφυκότα,
507 659 580 699 καί
601 671 736 710 σᾳεας
765 653 1101 713 προσελθόντας
1121 652 1343 699 ἅπτεσθαι
1362 661 1442 699 τοῖ
1465 654 1681 706 ἐπεόντος

228 729 301 772 ἐπὶ
344 732 438 771 τῶν
482 729 700 783 δενδρέων
744 732 932 783 καρποῦ,
974 723 1262 782 ἁπτομένοισι
1291 728 1339 769 δέ
1367 740 1442 780 σφι
1471 727 1682 769 ἐπελθεῖν

229 794 390 855 ἄνδρας
433 796 666 854 σμικρούς,
723 801 915 853 μετρίων
957 795 1195 847 ἐλάσσονας
1238 791 1424 852 ἅνδρῶν,
1465 794 1682 850 λαβόντας

235 871 281 912 δὲ
312 865 433 925 ἄγειν
462 871 610 924 σψεάς.
671 885 719 910 ac
750 870 800 910 de
830 871 964 925 primo
995 869 1162 924 quidem
1192 868 1312 908 huius
1334 869 1534 909 enuntiati
1553 868 1685 909 verbo

232 942 274 981 in
308 941 578 996 sequentibus
609 940 728 980 nobis
759 939 968 993 agendum
1010 945 1084 980 est.
1143 936 1263 980 εἶπαι
1306 940 1415 978 enim
1454 938 1682 979 infinitivus

229 1012 298 1066 qui
328 1011 443 1051 initio
476 1011 682 1051 enuntiati
727 1010 886 1066 positus
934 1016 997 1050 est
1027 1010 1262 1049 coniectura
1295 1015 1356 1049 est
1385 1008 1554 1059 Steinii,
1585 1023 1678 1049 cum

228 1081 325 1122 libri
381 1082 664 1135 manuscripti
712 1081 764 1121 ad
816 1094 941 1121 unum
1001 1094 1143 1120 omnes
1202 1080 1534 1119 coniunctionem
1583 1078 1681 1120 ἐπεὶ

226 1152 487 1207 praebeant3
534 1151 674 1193 εἰπεῖν
705 1150 874 1202 Reiske,
918 1156 964 1190 ut
993 1149 1170 1202 videtur,
1213 1150 1448 1205 proposuit,
1490 1164 1567 1204 pro
1598 1164 1680 1204 quo

226 1221 396 1262 Bekker
444 1223 567 1262 etiam
614 1221 707 1263 ἐκεῖ
747 1221 814 1261 vel
857 1219 1052 1269 ἐκείνους
1097 1220 1178 1274 legi
1218 1234 1344 1274 posse
1382 1226 1536 1260 censet.
1605 1219 1678 1261 sed

225 1300 337 1333 recte
369 1292 507 1332 Baehr
539 1292 638 1332 dicit
665 1291 911 1346 particulam
942 1290 1039 1332 ἐπεί
1068 1291 1275 1330 immerito
1299 1290 1559 1345 displicuisse
1579 1290 1678 1331 viris

224 1362 366 1403 doctis.
399 1361 472 1402 sed
503 1361 614 1416 quod
645 1361 860 1401 contendit
890 1362 1125 1401 orationem
1157 1374 1248 1401 esse
1279 1353 1605 1412 (ἔνακόλουθον,
1635 1360 1677 1401 id

224 1433 260 1474 ei
291 1432 521 1472 concedere
550 1446 633 1472 non
663 1446 848 1486 possum.
905 1446 972 1471 res
1003 1432 1113 1471 enim
1141 1431 1199 1471 sio
1229 1445 1273 1472 se
1304 1431 1460 1472 habet:
1491 1432 1672 1472 refertur

222 1503 406 1543 narratio
447 1501 735 1542 Nasamonum
776 1517 828 1542 ex
866 1516 948 1556 qua
985 1501 1056 1541 filii
1098 1501 1359 1556 quorundam
1401 1500 1673 1556 dynastarum

225 1573 384 1613 virilem
416 1578 594 1612 aetatem
625 1572 801 1612 assecuti
835 1578 945 1612 sorte
977 1572 1204 1626 dessignati
1235 1572 1328 1623 sint,
1358 1579 1402 1611 ut
1433 1571 1676 1612 solitudines

226 1642 398 1682 Africae
428 1642 727 1696 perlustrantes
760 1656 929 1696 operam
962 1642 1061 1682 dent
1073 1674 1083 1694 7
1125 1647 1171 1681 ut
1216 1641 1372 1696 aliquid
1409 1641 1584 1696 amplius
1617 1643 1676 1681 vi—

228 1711 374 1762 deant,
420 1726 544 1766 quam
575 1713 601 1751 ii
634 1712 703 1766 qui
736 1727 804 1752 eas
836 1727 960 1766 quam
989 1712 1234 1766 longissime
1265 1712 1535 1767 inspexerint.
1594 1712 1676 1752 iam

226 1788 323 1838 post
362 1782 631 1837 parenthesin
676 1797 758 1836 qua
802 1781 1044 1822 Herodotus
1086 1782 1136 1822 de
1168 1781 1357 1836 Libycae
1399 1788 1535 1822 terrae
1577 1781 1677 1821 divi-

227 1853 344 1892 sione
376 1858 416 1892 et
445 1852 637 1892 vastitate
669 1851 858 1903 disserit,
891 1853 1158 1892 continuatur
1187 1852 1369 1892 narratio
1385 1850 1676 1892 Nasamonum

227 1936 279 1963 ex
309 1937 391 1977 qua
420 1923 589 1962 iuvenes
617 1922 743 1976 longo
774 1922 923 1962 itinere
952 1924 1064 1962 facto
1096 1922 1137 1961 in
1168 1921 1438 1977 AethIOpiam
1470 1922 1674 1963 venerint.

223 1993 305 2032 iam
348 1991 447 2046 quid
490 1998 552 2031 est
591 1992 817 2046 simplicius
859 2006 983 2046 quam
1022 1998 1068 2032 ut
1097 1992 1231 2032 oratio
1263 1990 1508 2032 adnectatur
1537 1992 1677 2032 verbis

224 2061 320 2104 ἐπεὶ
351 2053 425 2113 ὧν,
455 2063 496 2101 in
530 2062 679 2116 quibus
711 2076 777 2101 me
810 2061 946 2101 iudice
967 2075 1138 2117 prorsus
1160 2061 1261 2100 nihil
1283 2066 1345 2101 est
1366 2060 1675 2102 offendendom.

224 2147 272 2172 ao
303 2138 549 2173 structuram
579 2147 702 2173 nemo
732 2132 907 2185 negabit
936 2132 1103 2186 planam
1138 2145 1241 2183 esse,
1287 2146 1380 2171 cum
1410 2131 1451 2170 in
1485 2145 1532 2171 eo
1563 2131 1675 2186 quod

224 2200 321 2242 ἐπεί
351 2203 582 2242 coniunctio
613 2203 654 2241 in
687 2203 874 2242 oratione
907 2201 1076 2255 obliqua
1107 2216 1197 2241 cum
1228 2201 1433 2241 infinitivo
1456 2201 1676 2242 coniuncta

225 2279 287 2312 est
335 2271 629 2311 offendendum
671 2286 753 2311 non
798 2273 850 2311 sit
890 2272 961 2323 (cf.
993 2286 1032 2326 p.
1063 2271 1149 2318 49).
1219 2271 1424 2310 difficilius
1462 2270 1514 2310 ad
1545 2270 1675 2311 diudi-

227 2341 406 2381 candum
451 2349 532 2394 est,
571 2341 642 2381 ubi
683 2342 855 2395 incipiat
893 2340 1101 2396 apodosis.
1169 2355 1250 2395 quo
1290 2342 1330 2380 in
1362 2355 1518 2393 genere
1549 2341 1676 2381 miror

225 2411 324 2465 quid
363 2410 592 2451 Matthiaeo
637 2411 676 2450 in
717 2417 899 2451 mentem
931 2412 1091 2450 venerit
1119 2411 1385 2451 contendenti
1415 2411 1619 2465 apodosin
1651 2425 1675 2450 a

223 2481 364 2521 verbis
391 2480 501 2522 ἰέναι
521 2484 676 2535 πρῶτα
696 2481 778 2534 μέν
800 2482 1004 2535 incipere:
1026 2495 1121 2520 nam
1139 2480 1403 2520 Herodotum
1421 2494 1513 2520 cum
1536 2480 1674 2521 dicere

223 2551 348 2590 vellet
392 2550 488 2591 ἐπεὶ
528 2542 591 2591 ὧν
628 2546 733 2599 τοὺς
764 2551 934 2605 νεηνίας
964 2543 1366 2604 ιῖποπεμπομένους
1397 2574 1447 2580 -
1478 2541 1526 2591 εὖ
1555 2549 1672 2604 ἐξηρ-

223 2620 439 2674 τυμένους
468 2620 591 2670 ἰέναι,
622 2620 734 2661 ἰέναι
763 2616 814 2674 τὴ
845 2623 1023 2674 πρῶτα,
1064 2621 1179 2675 prius
1218 2619 1329 2661 ἰέναι
1373 2620 1583 2671 omisisse,
1628 2627 1672 2660 ut

223 2691 354 2730 oratio
401 2684 713 2738 ἄνακόλουθος
753 2690 962 2730 evaderet.
1031 2705 1168 2744 neque
1209 2691 1341 2743 magis
1381 2690 1585 2730 assentior
1616 2691 1670 2731 G.

222 2759 469 2800 Hermanno
503 2761 572 2813 qui
604 2759 656 2800 ad
688 2759 784 2813 Vig.
813 2775 854 2814 p.
873 2760 951 2800 784
969 2774 1029 2814 sq.
1064 2759 1265 2815 apodosin
1297 2774 1321 2800 a
1350 2760 1487 2800 verbis
1517 2760 1672 2810 διεξελ-

226 2825 395 2878 θόντας
430 2830 478 2870 δέ
506 2831 688 2884 incipere
720 2836 850 2884 putat.
906 2830 1003 2869 mihi
1045 2830 1212 2884 quidem
1253 2835 1295 2870 et
1331 2829 1435 2869 haec
1474 2830 1602 2870 verba
1632 2835 1673 2869 et

1387 2913 1407 2942 5
