2055 3387
970 335 1023 376 36

275 472 452 513 rendum
482 476 546 511 est
575 468 815 523 exemplum
853 465 924 506 ubi
964 465 1139 506 verbum
1169 465 1310 519 λέγειν
1340 464 1633 519 interpositum
1664 468 1726 504 est

274 545 385 584 inter
415 540 698 582 accusativum
729 553 820 578 cum
850 536 1056 576 infinitivo
1086 536 1241 591 passivi
1269 536 1537 575 coniunctum
1559 540 1599 574 et
1619 534 1727 575 inter

274 613 523 654 infinitivum
571 609 734 650 activi:
773 608 793 648 I
823 608 877 649 94
919 602 1006 661 ἅμα
1050 607 1096 648 δὲ
1143 602 1306 655 ταύτας
1348 621 1396 647 τε
1442 605 1727 659 ἐξευρεθῆναι

274 679 393 738 παρὰ
424 683 544 734 σᾳίσι
573 681 747 734 λέγουσι
775 679 847 719 καὶ
883 679 1121 732 Τυρσηνίην
1149 670 1386 718 (ἷποικίσαι.

384 747 612 795 (ἷνελεῐν
658 751 680 791 Ι
726 750 786 790 13.
900 749 1295 803 προστιθέναι
1343 746 1508 798 addere,
1557 747 1729 800 insuper

278 826 413 866 dicere
443 825 463 865 I
493 825 556 865 20.
616 816 889 875 εὔχεσθαι
918 819 938 859 Ι
968 820 1032 859 31.
1117 813 1580 873 προσαγορεύειν
1609 815 1631 856 Ι
1662 816 1727 858 74.

277 897 341 937 91.
416 898 635 950 γνῶναι
665 892 908 933 sententiam
936 890 1051 944 ferre
1080 891 1101 931 I
1132 890 1195 930 74.
1228 890 1290 929 78.
1351 888 1413 928 VI
1442 888 1506 930 85.
1565 886 1633 928 IX
1663 888 1727 927 71.

277 966 656 1020 ἐπαγγέλλειν
686 963 706 1003 I
737 963 800 1002 77.
832 961 923 1002 210.
1029 954 1381 1013 ἀποφαίνειν
1410 959 1457 999 Π
1485 959 1537 999 28
1568 973 1576 999 :
1609 952 1728 999 οὕτω

276 1039 356 1092 μὲν
399 1033 450 1091 δη
495 1030 517 1077 ὁ
563 1028 913 1090 γραμιιατιστής,
960 1031 996 1073 εἰ
1040 1026 1123 1085 ἄρα
1166 1034 1305 1072 ταῦτα
1346 1025 1553 1084 γινόμενα
1596 1027 1728 1083 ἔλεγε,

277 1103 347 1150 ἆπ
363 1109 425 1160 έφ
440 1123 488 1148 αι
502 1122 554 1148 νε
597 1100 656 1154 ὡς
700 1105 774 1159 ἐμὲ
803 1103 1063 1145 κατανοέειν
1108 1103 1227 1150 δίνας
1256 1097 1377 1150 τινας
1404 1097 1544 1154 ταύτῃ
1573 1096 1730 1148 ἐούσας

277 1174 454 1233 ἰσχυρὰς
483 1179 555 1219 καὶ
584 1177 870 1231 παλιρροίην,
914 1171 985 1215 οἷα
1025 1174 1072 1215 δὲ
1112 1169 1407 1227 ἐμβάλλοντος
1445 1174 1528 1213 τοῦ
1570 1165 1730 1219 {denog-

277 1260 391 1292 τοῖσι
430 1244 572 1303 ὄρεσι,
612 1244 670 1302 μη
709 1243 927 1288 δύνασθαι
966 1244 1227 1298 κατιεμένην
1262 1243 1658 1298 καταπειρητηρίην
1686 1241 1730 1291 ἐς

276 1317 438 1373 βυσσὸν
480 1320 602 1361 ἰέναι.
663 1320 721 1359 ita
766 1318 885 1359 Stein
929 1323 1088 1357 textum
1133 1315 1321 1371 praebet.
1395 1315 1536 1355 Baehr
1577 1320 1728 1365 autem,

279 1407 369 1433 cum
415 1393 549 1432 maius
588 1388 935 1445 interpunctionis
976 1388 1143 1441 signum
1174 1393 1304 1441 ponat
1332 1392 1428 1440 post
1455 1385 1730 1439 παλιρροίην,

277 1463 561 1504 accusativum
592 1475 685 1501 cum
706 1459 909 1500 infinitivo
942 1454 1009 1512 (μὶ
1037 1454 1127 1499 δέν.
1152 1483 1201 1487 -
1222 1457 1352 1509 ἰέναι)
1381 1456 1568 1511 pendere
1589 1460 1732 1495 censet

278 1550 302 1574 a
334 1534 465 1573 verbo
497 1531 608 1587 quod
650 1545 702 1571 ex
733 1530 948 1570 enuntiato
989 1528 1237 1569 secundario
1269 1521 1328 1576 ὡς
1367 1526 1441 1581 ἐμὲ
1470 1526 1731 1567 κατανοέειν

278 1611 415 1645 mente
446 1609 659 1658 repetatur
690 1601 780 1641 coll.
812 1599 833 1640 I
862 1600 926 1640 58.
986 1598 1049 1638 IV
1079 1600 1117 1641 5.
1150 1599 1201 1639 95
1244 1598 1315 1651 (de
1347 1598 1407 1637 his
1439 1597 1616 1651 exempl.
1648 1596 1729 1636 vid.

277 1675 419 1730 1142).
467 1674 540 1714 sed
573 1673 681 1726 fugit
710 1672 844 1711 virum
877 1669 1042 1710 doctum
1076 1669 1153 1709 ista
1185 1668 1377 1723 exempla
1407 1682 1513 1722 quae
1533 1682 1610 1707 nos
1634 1682 1727 1707 con-

277 1746 386 1786 ferre
404 1745 523 1785 iussit
536 1757 705 1799 prorsus
723 1742 841 1782 aliter
861 1745 1101 1796 comparata
1120 1754 1211 1780 esse
1230 1754 1277 1780 ac
1296 1745 1494 1779 nostrum.
1525 1737 1607 1778 illic
1620 1738 1730 1778 enim

280 1817 399 1856 deest
429 1815 606 1855 verbum
635 1813 795 1853 finitum
829 1817 869 1851 et
898 1817 1039 1850 mente
1071 1809 1254 1865 suppleri
1287 1808 1408 1848 debet
1431 1823 1483 1848 ex
1505 1809 1729 1849 enuntiatis

285 1885 541 1927 secundariis
572 1878 649 1938 (ὡς
678 1884 876 1937 λέγουσι,
909 1875 968 1930 ὡς
1008 1876 1340 1933 πυνθάνομαι),
1386 1885 1428 1920 at
1465 1885 1609 1920 nostro
1638 1879 1729 1919 loco

279 1957 481 1997 habemus
503 1956 676 1996 verbum
694 1954 854 1994 finitum
873 1945 1129 2006 (εἷπέφαινε)
1149 1965 1172 1990 a
1191 1964 1272 2005 quo
1293 1949 1447 2004 pendet
1468 1950 1730 1990 accusativus

279 2042 371 2068 curn
423 2026 649 2078 infinitivo3
710 2024 793 2064 illic
851 2023 1066 2063 enuntiata
1109 2015 1168 2069 ὡς
1210 2023 1262 2071 λ.,
1309 2014 1367 2069 ὡς
1408 2035 1453 2061 π.
1501 2019 1554 2060 ad
1598 2026 1729 2060 totum

280 2099 540 2138 enuntiatum
587 2097 821 2150 pertinent,
869 2094 935 2133 hic
976 2093 1106 2134 verba
1135 2086 1194 2141 ὡς
1225 2091 1299 2146 ἐμὲ
1341 2091 1601 2133 κατανοέειν
1644 2096 1731 2131 tan-

278 2168 492 2210 tummodo
523 2168 575 2208 ad
606 2166 778 2207 verbum
808 2158 1025 2217 ιῖπέᾳαινε
1062 2170 1262 2219 specta-nt.
1323 2176 1467 2202 sensus
1499 2163 1610 2202 enim
1633 2167 1729 2203 est:

279 2242 320 2282 si
344 2256 487 2281 revera
516 2240 577 2280 ica
607 2254 648 2279 se
676 2238 825 2278 habent
853 2251 959 2290 quae
988 2235 1100 2276 dimit
1132 2235 1269 2275 scriba
1284 2266 1295 2285 ,
1341 2249 1391 2274 eoe
1433 2249 1523 2274 mea
1566 2232 1732 2288 quidem

278 2312 479 2352 sentencia
519 2309 776 2356 declaravit,
822 2308 886 2348 ibi
921 2307 1106 2363 yuryz'tes
1144 2321 1229 2346 esse
1271 2320 1320 2345 ac
1362 2305 1566 2359 refluoeum
1610 2312 1731 2359 atque

275 2396 390 2437 'aqua
433 2382 636 2422 montibus
678 2379 871 2420 z‘llz'dente
911 2378 1125 2433 plumbum
1156 2376 1486 2431 emploratorz'um
1515 2374 1632 2416 haud
1654 2390 1730 2430 po·

279 2454 403 2494 misse
440 2453 486 2493 in
519 2451 705 2506 fundum
735 2450 967 2505 pervenire.
1036 2448 1086 2489 de
1128 2453 1287 2488 mutata
1327 2446 1637 2486 constructione
1682 2445 1732 2486 cf.

278 2525 388 2565 infra
417 2538 456 2578 p.
488 2523 540 2563 39
571 2530 612 2563 et
639 2524 704 2562 41.

388 2594 511 2634 etiam
543 2593 715 2633 verbum
746 2586 1172 2646 προαγορεύειν
1205 2603 1297 2629 cum
1338 2587 1573 2628 accusativo
1604 2593 1644 2627 et
1672 2587 1732 2626 in-

277 2665 436 2705 finitivo
468 2665 735 2704 coniunctum
766 2663 989 2713 invenitur,
1021 2675 1114 2700 cum
1145 2660 1235 2700 aliis
1265 2659 1364 2698 locis
1395 2672 1488 2698 cum
1519 2656 1660 2697 dativo
1691 2662 1733 2697 et

277 2735 482 2775 infinitivo
532 2733 746 2788 copuletur
779 2747 787 2772 :
828 2731 872 2771 II
905 2732 981 2772 115
1025 2723 1162 2771 αὗτόν
1206 2729 1254 2769 δέ
1295 2741 1341 2770 σε
1385 2728 1456 2768 καὶ
1493 2722 1598 2775 τοὺς
1628 2722 1731 2776 σονς

279 2801 531 2860 σιχιιπλόοψ1
558 2807 692 2858 τριῶν
723 2797 918 2857 ημερέων
946 2797 1236 2856 προαγορεύω
1267 2799 1315 2840 ἐκ
1345 2802 1419 2854 τῆς
1449 2798 1551 2853 ἐμῆς
1581 2801 1656 2853 γῆς
1688 2798 1731 2846 ἐς
