2055 3387
1008 324 1062 363 40

301 455 478 497 timendi
504 461 708 495 ornatum.
768 469 816 494 ac
847 455 1026 510 primam
1056 454 1223 509 quidem
1256 455 1604 509 significatIOnem
1625 456 1753 498 habes

304 526 324 566 I
353 527 420 566 56.
494 525 565 566 III
600 526 687 566 143.
758 523 822 565 VI
855 526 943 565 140.
1016 524 1104 566 VII
1138 525 1226 565 192.
1257 525 1350 567 210.
1383 527 1475 567 218.
1548 526 1658 568 VIII
1688 529 1752 569 96.

300 596 366 637 IX
395 598 433 637 4.
468 597 529 637 13.
589 595 735 636 eodem
768 609 893 635 sensu
924 595 1047 636 etiam
1092 595 1311 636 formulam
1358 596 1561 638 ἐλπίδα
1606 596 1754 652 ἔχειν

302 674 344 708 et
375 667 405 707 si
437 681 544 721 quae
574 673 670 707 sunt
698 666 794 706 huic
833 667 986 707 similes
1032 667 1220 721 sequitur
1249 668 1509 709 aecusativus
1541 683 1632 708 oum
1664 669 1752 708 infi-

300 739 430 779 nitivo
461 737 643 778 futuri
676 752 684 776 z
715 736 753 776 V
784 737 849 778 30.
882 736 945 777 VI
976 739 1038 777 11.
1071 737 1137 778 IX
1170 738 1259 779 106.
1332 738 1580 794 plerumque
1615 746 1753 779 autem

299 808 521 849 verborum
554 806 770 858 ἔλπειν,
815 806 1122 859 >ε’λπεσθαι,
1166 807 1375 850 ἐλπίδα
1421 808 1568 863 ἔχειν
1607 810 1669 850 vis
1699 810 1755 851 ita

300 885 363 919 est
392 879 608 919 imminuta
639 885 680 918 et
724 879 843 933 quasi
888 879 1156 931 circumcisa,
1204 885 1248 920 ut
1277 879 1377 920 nihil
1409 880 1490 920 sint
1519 881 1595 921 nisi
1626 881 1754 922 verba

293 949 493 1005 putandi.
552 963 677 1004 quam
704 950 735 989 si
767 948 923 989 habent
951 949 1312 1003 significationem,
1343 951 1531 1005 sequitur
1559 957 1630 992 aut
1666 951 1755 991 infi-

299 1022 455 1061 nitivus
487 1021 836 1076 praesentis,
867 1020 982 1060 velut
1010 1020 1032 1060 I
1062 1021 1125 1060 22.
1157 1020 1223 1061 27.
1254 1020 1317 1062 75.
1363 1020 1432 1061 III
1461 1021 1525 1061 62.
1560 1021 1647 1063 157.
1692 1021 1753 1062 IV

302 1092 391 1132 135.
424 1090 535 1132 VIII
569 1091 658 1133 108.
691 1090 758 1131 ΙΧ
791 1091 891 1144 110;
930 1097 1003 1132 aut
1032 1091 1305 1146 perfecti,
1336 1091 1450 1132 velut
1479 1091 1541 1133 IV
1572 1092 1636 1134 84.
1668 1092 1757 1134 VII

299 1163 393 1215 212,
438 1162 509 1203 ubi
539 1161 717 1217 primum
749 1161 821 1202 inf.
852 1161 973 1216 perf„
1017 1168 1103 1202 tum
1136 1161 1265 1203 futuri
1294 1168 1518 1218 usurpatus
1549 1169 1637 1216 est3
1686 1168 1757 1204 aut

299 1232 624 1289 praesentis
669 1230 813 1272 addita
857 1232 1063 1287 particula
1108 1226 1196 1283 ἄν,
1243 1232 1355 1273 velut
1399 1231 1444 1274 II
1474 1233 1526 1274 26
1570 1231 1757 1288 ἔλπομαι

299 1304 470 1346 ποιέειν
499 1297 565 1345 ἂν
592 1328 646 1332 -
677 1298 758 1344 τὸν
782 1297 961 1357 Ἴστρον.
992 1302 1080 1344 VII
1110 1303 1214 1355 2373
1261 1309 1332 1344 aut
1375 1304 1493 1344 aori
1512 1306 1577 1344 sti
1617 1303 1756 1345 addita

300 1375 507 1430 particula
537 1369 603 1428 ἄν,
634 1374 749 1415 velut
778 1373 821 1415 II
854 1376 918 1415 11.
952 1375 1039 1416 120.
1072 1373 1140 1414 III
1172 1375 1261 1416 151.
1319 1379 1480 1415 restant
1508 1375 1587 1415 tria
1618 1389 1752 1416 exem-

305 1446 388 1501 pla,
433 1446 475 1486 in
523 1445 674 1500 quibus
718 1444 847 1486 verbo
893 1443 1178 1487 ἐλπεσθαι
1209 1450 1249 1485 et
1288 1445 1491 1486 formulae
1532 1445 1757 1496 ἐλπίδας

298 1512 524 1565 πολλὰς
563 1514 617 1569 ἐχ
633 1531 711 1557 ειν
740 1515 806 1556 vel
839 1516 1087 1569 significatio
1119 1515 1297 1557 timendi
1323 1515 1512 1557 subiecta
1542 1523 1604 1557 est
1634 1532 1643 1557 z
1688 1516 1757 1557 III

304 1588 382 1628 119
412 1587 592 1636 ἐλπίδας
621 1583 790 1635 πολλὰς
821 1585 934 1640 ἔχων
962 1583 1072 1641 μετὰ
1102 1590 1194 1628 τῶν
1225 1588 1471 1642 συγγενέων
1489 1603 1563 1642 μιν
1583 1587 1756 1640 ἐπιβου-

302 1654 447 1700 λεύειν
479 1657 519 1699 οἱ
550 1654 858 1699 ἐπαιάστασιν.
891 1657 955 1697 VI
988 1658 1076 1698 109.
1108 1657 1175 1698 IX
1207 1657 1296 1698 113.
1356 1658 1505 1713 quibus
1536 1658 1644 1700 addo
1676 1659 1756 1699 duo

303 1729 512 1784 exempla,
542 1730 585 1769 in
617 1744 792 1784 quorum
824 1730 963 1784 priore
993 1728 1014 1769 I
1043 1729 1098 1768 42
1128 1728 1303 1769 verbum
1343 1730 1667 1784 προσδοκᾶν
1696 1745 1757 1770 se-

302 1806 456 1855 quente
478 1800 713 1840 accusativo
736 1814 829 1840 cum
853 1799 1057 1840 infinitivo
1079 1799 1203 1839 futuri
1222 1799 1525 1854 significatione
1541 1800 1757 1856 sperandi,

300 1872 343 1911 in
377 1871 506 1911 altero
541 1871 576 1911 V
608 1872 661 1912 92
703 1871 873 1911 verbum
919 1866 1227 1922 φυλάσσειν
1271 1877 1473 1926 sequente
1519 1873 1756 1913 accusativo

305 1956 398 1982 cum
430 1941 635 1981 infinitivo
667 1941 807 1981 aoristi
838 1955 962 1980 sensu
994 1941 1176 1982 cavendi
1200 1948 1443 1996 usurpatum
1484 1948 1556 1982 est.
1631 1943 1756 1983 etiam

302 2012 430 2053 verba
450 2028 478 2066 μ
492 2012 645 2053 ένειν
666 2018 705 2052 et
726 2005 866 2066 ἅναμ
881 2011 902 2053 ἐ
915 2027 971 2053 νε
985 2027 1037 2053 ιν
1059 2026 1181 2052 sensu
1202 2012 1477 2067 exspectandi
1494 2019 1534 2052 et
1553 2013 1761 2068 sperandi

303 2082 552 2124 exstantzv
571 2084 624 2125 35
648 2077 846 2138 ἇνέμεινε
878 2076 1099 2136 dumi-vac
1129 2079 1207 2133 τὰς
1236 2085 1396 2139 τρίχας.
1458 2083 1567 2126 VIII
1599 2085 1648 2126 15
1679 2077 1761 2127 ozi-x

304 2147 540 2209 (ἷνέμειναν
571 2153 635 2196 ἔτι
664 2150 770 2204 τοῖς
790 2149 1000 2210 (Έλληνας
1029 2151 1166 2210 μάχης
1196 2149 1332 2210 ἄρξαι.
1392 2155 1446 2195 ib.
1478 2156 1544 2196 56.

412 2228 437 2277 ξ
466 2226 531 2266 37.
592 2225 735 2266 Verba
766 2225 975 2266 efficiendi
1008 2232 1049 2266 et
1078 2225 1238 2266 similia.

411 2296 661 2338 ποιέειν.
720 2296 743 2337 Ι
773 2297 824 2337 75
855 2296 1026 2351 λέγεται
1069 2321 1125 2329 —-
1166 2292 1248 2338 τὸν
1294 2299 1442 2352 Θαλῆν
1483 2320 1537 2327 -—
1579 2300 1759 2352 ποιῆσαι

308 2359 430 2407 αὐτῶ
459 2362 541 2408 τὸν
569 2362 774 2422 ποταμὸν
804 2366 850 2418 ἐξ
879 2360 1107 2422 ιῖριστερῆς
1146 2363 1290 2422 χειρὸς
1329 2366 1488 2423 ῥεοντα
1524 2370 1606 2409 τοῦ
1634 2379 1759 2423 στρα-

306 2440 387 2478 τοῦ
418 2438 490 2478 καὶ
521 2438 569 2479 ἐκ
600 2438 740 2493 δεξιῆς
770 2437 896 2493 ῥέειν.
932 2439 1021 2479 191.
1053 2438 1144 2479 210.
1204 2437 1249 2478 II
1277 2439 1327 2480 51
1361 2438 1437 2478 bis.
1471 2439 1559 2480 156.
1603 2438 1665 2480 VI
1692 2439 1758 2480 46.

307 2507 418 2548 VIII
447 2509 581 2549 5.22.
617 2510 706 2550 100.
765 2503 790 2564 ἡ
820 2507 946 2564 ἑτέρη
973 2509 1055 2563 μὲν
1085 2511 1160 2560 (sc
1190 2504 1358 2563 γνώαη)
1389 2508 1504 2563 λέγει
1532 2505 1637 2558 τοίς
1665 2509 1758 2565 ἐτη-

305 2580 398 2627 σίας
420 2572 473 2621 (ἷι
477 2579 607 2633 ἐμοῖς
636 2578 780 2621 εἶναι
810 2580 1038 2630 αἰτίους
1066 2577 1287 2635 πλχθύειν
1306 2576 1386 2622 τὸ)
1405 2577 1611 2634 ποταμόν
1631 2581 1675 2621 II
1691 2581 1756 2622 20.

307 2643 468 2698 ἄλλους
498 2666 544 2691 τε
578 2666 786 2705 ορκους
814 2647 1108 2706 προσάγων
1135 2662 1212 2704 οᾳι
1243 2650 1267 2706 ὴ
1295 2651 1376 2705 μὲν
1407 2648 1595 2704 έψεσθαί
1624 2663 1760 2703 σφεας

308 2713 430 2761 αὐτῶ
465 2720 527 2761 VI
558 2721 621 2762 74.
706 2717 885 2762 πολλά
928 2736 1021 2775 μοι
1063 2723 1157 2763 καὶ
1201 2715 1342 2763 ἄλλα
1385 2736 1442 2763 τε
1483 2718 1757 2778 τεκμφριά

307 2789 424 2832 ἐστι
467 2793 603 2833 τοῦτο
651 2785 770 2833 οὕτω
811 2790 924 2846 ἔχειν
953 2791 999 2833 Π
1027 2793 1092 2833 43.
1205 2786 1579 2847 εὑρίσκεσθαι
1609 2792 1676 2833 ΙΧ
1705 2793 1757 2834 28
