2086 3413
1007 374 1035 401 V
1042 375 1058 402 Ι

485 495 504 532 ξ
533 495 584 525 13.
632 493 750 526 Verba
774 494 932 536 putandi,
957 494 1144 536 cogitandi,
1171 496 1314 536 sciendi,
1340 497 1495 531 discendi

483 551 502 588 ἕ
530 552 581 581 14.
676 575 691 591 „
759 550 981 592 impediendi,
999 550 1135 583 sinendi
1153 556 1187 584 et
1204 552 1233 584 si
1249 563 1339 594 quae
1364 553 1418 585 his
1442 559 1525 588 sunt

526 605 654 638 similia
701 630 708 638 .

482 663 501 701 ἓ
528 663 578 693 15.
628 662 744 695 Verba
769 662 931 704 sperandi
956 666 990 694 et
1015 664 1162 696 cavendi
1210 689 1216 696 .

481 719 501 757 ξ
528 720 578 750 16.
674 744 689 760 „
762 719 912 760 dicendi,·
931 720 1173 762 contendendi,
1191 723 1353 764 negandi,
1371 724 1523 765 vetandi,

526 775 676 816 iurandi,
703 776 902 817 pollicendi,
928 776 1086 808 minandi

481 833 501 871 ἓ
529 835 580 863 17.
628 833 745 864 Verba
762 832 917 873 iubendi,
935 833 1152 875 cohortandi,
1170 835 1324 877 rogandi,
1344 837 1523 880 suadendi,

523 889 756 930 persuadendi
804 914 810 921 .

481 946 499 983 ἓ
527 947 577 976 18.
627 945 744 977 Verba
769 946 1034 978 consuetudinis

480 1002 499 1040 ξ
526 1003 576 1033 19.
627 1001 827 1043 Singularia
852 1003 1022 1043 quaedam
1048 1004 1153 1035 verba
1180 1005 1376 1037 afferuntur
1412 1031 1418 1037 .

479 1058 498 1096 ξ
525 1059 576 1089 20.
625 1058 827 1104 Infinitivus
851 1059 1084 1100 cxplicativus

390 1113 472 1154 Cap.
498 1113 538 1144 V.
586 1114 860 1146 Infinitivus
886 1125 981 1147 cum
1006 1126 1108 1148 casu
1133 1118 1329 1150 nominis
1361 1119 1524 1161 pendet

435 1180 454 1200 a
479 1170 630 1202 verbis
1498 1168 1505 1174 ⁵

435 1229 463 1257 1.
489 1227 736 1259 Nominativus
761 1238 841 1260 cum
865 1228 1041 1260 infinitivo
1103 1255 1109 1261 .

479 1285 497 1323 ᾗ
524 1286 576 1315 21.
626 1285 831 1317 Subiectum
855 1286 955 1317 verbi
980 1286 1072 1318 finiti
1096 1287 1188 1329 apud
1214 1287 1430 1320 infinitivum
1447 1298 1524 1330 pro-

521 1341 661 1372 nomine
686 1340 798 1382 αὖτός
822 1343 966 1374 effertur
1001 1367 1006 1374 .

478 1399 496 1436 ξ
523 1400 574 1429 22.
624 1398 870 1430 Praedicatum
895 1399 1111 1431 nominativo
1137 1400 1249 1432 utitur
1309 1426 1315 1431 .

479 1455 497 1493 ἕ
523 1455 574 1485 23.
624 1454 778 1486 Verbum
803 1466 927 1496 regens
954 1460 1006 1487 est
1031 1465 1133 1487 casus
1158 1456 1334 1498 participii

433 1514 462 1542 2.
489 1511 684 1543 Genetivus
709 1522 789 1543 cum
815 1513 990 1545 infinitivo

479 1569 497 1607 ξ
513 1571 563 1599 24.
612 1569 656 1600 Et
670 1569 855 1610 genetivus
870 1574 903 1601 et
919 1570 1117 1602 infinitivus
1130 1581 1149 1602 a
1163 1570 1270 1602 verbo
1284 1571 1382 1603 finito
1397 1571 1524 1613 pendet

478 1625 564 1663 §25
614 1626 809 1657 Genetivus
834 1630 866 1658 et
892 1627 1118 1659 accusativus
1144 1637 1224 1659 cum
1241 1627 1424 1660 ⁴infinitivo
1443 1638 1523 1660 con-

523 1681 636 1712 iuncti
662 1686 743 1713 sunt
800 1707 806 1713 .

478 1738 497 1776 ξ
523 1739 575 1769 26.
635 1737 883 1770 Praedicatum
920 1743 982 1771 aut
1017 1739 1182 1781 genetivo
1221 1744 1282 1771 aut
1317 1741 1521 1772 accusativo

521 1794 634 1825 utitur
694 1819 699 1825 .

433 1852 462 1881 3.
486 1850 638 1882 Dativus
664 1860 743 1882 cum
767 1850 943 1883 infinitivo
998 1876 1004 1882 .

475 1908 494 1946 ἓ
520 1910 572 1938 27.
621 1908 665 1939 Et
682 1908 823 1939 dativus
841 1913 875 1940 et
892 1908 1086 1941 infinitivus
1104 1920 1124 1941 a
1140 1911 1248 1942 verbo
1266 1910 1363 1942 finito
1390 1910 1517 1952 pendet

475 1964 494 2002 ξ
520 1965 572 1995 28.
620 1964 675 1995 Ad
704 1964 916 1996 infinitivum
948 1965 1140 2007 praedicati
1170 1967 1247 1998 viee
1285 1971 1347 1998 aut
1378 1966 1522 1998 adiecti-

518 2031 602 2052 vum
627 2024 689 2052 aut
712 2021 973 2054 substantivum
997 2026 1059 2054 aut
1082 2023 1306 2065 participium
1331 2023 1467 2055 aceedit

429 2078 459 2107 4.
484 2076 720 2108 Accusativus
745 2088 825 2109 cum
850 2077 1023 2110 infinit-ivo

453 2144 481 2163 a.
507 2133 620 2164 Verus
645 2137 685 2165 ut
709 2134 757 2165 ita
783 2134 896 2166 dicam
924 2136 1150 2168 accusativus
1176 2146 1253 2168 cum
1281 2136 1457 2167 infinitivo
1514 2161 1520 2166 .

474 2190 492 2229 ξ
519 2191 571 2221 29.
620 2190 854 2222 Accusativus
879 2191 922 2223 ab
948 2192 1022 2233 ipso
1048 2192 1155 2223 verbo
1181 2192 1279 2223 finito
1305 2192 1433 2233 pendet

473 2247 492 2285 ξ
517 2248 568 2277 30.
618 2246 863 2278 Praedicatum
887 2248 1091 2280 accusativo
1117 2249 1229 2280 utitur

451 2302 483 2333 b.
509 2303 745 2334 Accusativus
771 2313 851 2335 cum
876 2303 1052 2335 infinitivo
1077 2304 1138 2344 qui
1165 2315 1207 2335 cx
1233 2304 1395 2346 analogia
1424 2308 1521 2336 ortus

497 2363 549 2390 est
589 2384 595 2390 .

475 2416 494 2454 ξ
521 2416 571 2446 31.
620 2415 857 2447 Accusativus
883 2425 963 2447 011111
990 2416 1087 2450 infin,
1114 2416 1266 2448 subiecti
1298 2417 1376 2448 vice
1402 2416 1519 2459 fungi-

519 2476 577 2503 tur
602 2472 694 2514 apud
718 2472 826 2504 verba
850 2472 1097 2513 impersonalia

475 2530 493 2567 5
519 2530 572 2560 32.
620 2528 855 2560 Accusativus
887 2538 967 2560 cum
1002 2529 1099 2560 infin.
1126 2529 1278 2561 subiecti
1302 2529 1379 2560 viee
1404 2528 1520 2570 fungi-

519 2589 577 2615 tur
601 2585 693 2626 apud
719 2585 939 2616 substantiva
1000 2610 1006 2615 .

475 2641 494 2679 ἓ
520 2642 571 2671 33.
621 2641 858 2672 Accusativus
884 2651 963 2672 011111
988 2641 1084 2672 infin.
1105 2641 1235 2673 obiecti
1260 2642 1335 2672 loco
1363 2641 1521 2681 sequitur

520 2697 627 2728 verba
666 2697 816 2737 dicendi,
853 2697 1105 2737 contendendi,
1145 2697 1294 2737 iurandi,
1332 2696 1521 2738 pollicendi

521 2753 678 2784 minandi

475 2810 494 2848 ξ
521 2810 573 2839 34.
623 2809 739 2841 Verba
753 2810 910 2851 putandi,
929 2810 1116 2852 cogitandi,
1135 2809 1368 2851 cognoscendi
1387 2808 1519 2840 sciendi

1616 478 1746 538 11οἛ2Ο

1705 620 1748 650 20

1706 675 1748 705 20

1618 784 1749 815 20-22

1618 898 1751 929 22—23

1708 955 1749 984 23

1708 1011 1749 1040 23

1618 1066 1751 1095 23—24

1617 1178 1750 1208 24—43

1618 1234 1750 1265 24—28

1615 1346 1749 1377 24—26

1617 1403 1748 1433 26—27

1617 1459 1749 1490 27—28

1708 1516 1750 1546 28

1709 1574 1750 1604 28

1707 1686 1748 1716 28

1707 1798 1748 1827 28

1616 1854 1748 1884 28—30

1614 1910 1746 1940 28—29

1617 2023 1749 2054 29—30

1615 2079 1747 2110 30—43

1706 2135 1748 2165 30

1616 2192 1744 2222 30—31

1615 2248 1747 2279 31—32

1616 2361 1748 2391 32—43

1615 2473 1747 2503 32—33

1615 2586 1747 2615 33-34

1614 2753 1745 2784 34—37

1613 2810 1746 2841 37—39
