2055 3387
1007 329 1061 370 60

304 453 512 514 αλλήλοις
541 456 651 501 εἶναι
681 460 753 500 καὶ
784 455 1034 513 συμμάχους
1062 461 1087 500 i.
1111 476 1144 500 e.
1167 475 1214 500 ea
1236 461 1478 502 condicione
1506 470 1550 502 ut
1578 462 1757 517 hospites

303 532 398 572 sint.
429 530 517 571 VII
540 531 616 572 154
637 526 879 585 ἐρρύσαντο
903 531 949 571 δὲ
972 520 1096 572 οὗτοι
1117 531 1186 572 ἐπὶ
1210 532 1372 573 τοῖσιδε
1393 529 1756 584 καταλλάξαντες,

303 600 371 643 ἐπ’
400 591 436 656 ᾧ
465 617 513 643 τε
541 595 825 656 Ἱπποκράτεϊ
841 597 1102 656 Καμάριναν
1131 604 1439 656 Συρακοσίους
1468 605 1756 658 παραδοῦναι.

413 675 437 724 ξ
467 673 531 713 61.
591 671 677 713 Sed
709 686 1000 713 enumeremus
1030 674 1110 713 iam
1145 675 1349 728 exempla.

413 744 455 795 a)
486 743 621 784 nudus
654 743 883 784 infinitivus
926 745 1110 799 sequitur
1154 739 1266 786 ὥστε
1296 745 1542 800 particulam
1573 745 1758 786 subiecto

304 828 387 854 non
418 819 577 855 mutato
609 820 650 855 et
680 814 851 869 quidem
880 815 974 856 inf.
1007 830 1032 869 p
1051 830 1214 856 raese
1234 816 1346 856 ntis
1376 831 1384 856 :
1416 815 1487 856 III
1518 816 1580 856 15.
1626 814 1663 856 V
1693 817 1758 858 30.

306 884 391 924 VII
421 885 458 937 9,
490 885 527 925 2.
587 884 697 925 VIII
732 885 832 938 1443
861 885 955 925 i‘nf.
989 900 1091 926 aor.
1125 900 1133 926 τ
1164 886 1184 926 Ι
1217 887 1306 927 107.
1352 886 1421 927 III
1455 887 1542 927 146.
1574 886 1636 926 IV
1671 887 1759 929 198.

306 954 345 995 V
375 957 440 997 65.
502 955 587 995 VII
621 956 682 996 13.
742 955 810 996 ΙΧ
841 956 904 996 37.
935 957 1000 998 94.
1058 962 1188 997 restat
1219 957 1458 1012 exemplum
1489 958 1529 997 in
1561 972 1643 1012 quo
1674 972 1761 998 mu-

305 1027 406 1067 tatio
440 1026 765 1067 constructionis
796 1026 1267 1068 animadvertendassest
1288 1043 1296 1067 :
1318 1027 1387 1068 III
1407 1029 1459 1069 36
1482 1026 1523 1069 οἱ
1553 1027 1599 1069 δὲ
1629 1024 1762 1083 θερά·

306 1112 469 1146 ποντες
492 1131 499 1139 .
525 1132 532 1139 .
564 1094 926 1153 κατακρύπτουσι
957 1094 1038 1139 τὸν
1066 1101 1262 1153 Κροῖσον
1291 1098 1364 1140 ἐπὶ
1393 1099 1506 1153 τῷδε’
1537 1102 1601 1153 τῷ
1630 1095 1761 1154 λόγῳ,

308 1163 434 1219 ὥστε,
466 1167 503 1210 εἰ
531 1169 611 1223 μὲν
637 1166 910 1224 μεταμελήσῃ
952 1172 1017 1224 τῷ
1046 1166 1280 1224 Καμβύσῃ,
1320 1171 1393 1210 καὶ
1436 1169 1639 1225 ἐπιζητέῃ
1682 1165 1764 1212 τὸν

309 1243 516 1294 Κροῖσον,
547 1239 587 1282 οἱ
619 1241 664 1281 δὲ
695 1237 964 1296 ἐκφήναντες
984 1234 1122 1282 αὐτὸν
1144 1242 1262 1295 δῶρα
1291 1237 1543 1295 λάμψονται
1572 1238 1763 1297 ζωάγρια

307 1313 515 1366 Κροίσου,
544 1306 597 1367 ἢν
627 1312 672 1354 δὲ
701 1308 752 1367 μὶ
778 1313 1071 1367 μεταμέληται
1091 1312 1196 1367 μηδὲ
1218 1313 1366 1366 ποθέῃ
1385 1328 1471 1366 μιν,
1501 1308 1605 1354 τότε
1627 1329 1759 1354 κατα-

304 1386 509 1438 χρᾶσθαι.

416 1454 463 1507 b)
495 1454 630 1494 nudus
669 1454 897 1494 infinitivus
937 1455 1123 1510 sequitur
1167 1449 1279 1496 ὥστε
1321 1455 1594 1510 particulam,
1635 1456 1691 1495 ita
1719 1460 1764 1496 ut

308 1526 571 1566 accusativus
617 1525 791 1566 subiecti
837 1525 958 1566 facile
1016 1539 1068 1565 ex
1112 1526 1456 1566 antecedentibus
1503 1525 1761 1581 suppleatur.

308 1597 359 1636 in
374 1597 400 1636 f.
432 1610 605 1650 praes.
639 1611 647 1636 :
680 1596 700 1636 I
731 1596 782 1636 98
823 1591 874 1637 τὸ
916 1596 997 1650 μέν
1038 1592 1121 1637 κοῦ
1151 1612 1193 1637 τι
1223 1597 1296 1637 καὶ
1325 1592 1377 1638 τὸ
1406 1597 1572 1650 χωρίον
1600 1609 1761 1651 συμμα-

307 1667 396 1720 χέει
437 1662 636 1715 κολωνὸς
677 1663 784 1717 ἐών,
829 1661 941 1709 ὥστε·
972 1670 1153 1708 τοιοῦτο
1186 1664 1297 1708 εἶναι
1328 1667 1402 1721 (sc.
1433 1662 1485 1708 τὸ
1514 1675 1680 1721 τεῖχος,
1714 1667 1765 1709 de

315 1752 396 1793 quo
426 1744 549 1778 antea
578 1738 733 1777 dictum
764 1738 858 1792 est).
889 1738 982 1778 212.
1032 1737 1077 1778 11
1111 1738 1198 1780 173.
1249 1737 1311 1778 IV
1345 1738 1433 1790 145.
1485 1737 1572 1779 VII
1602 1740 1638 1779 6.
1673 1739 1760 1780 175.

308 1808 376 1849 IX
406 1809 471 1850 38.
502 1809 565 1849 60.
597 1809 661 1849 61.
721 1809 814 1848 inf.
847 1823 952 1849 aor.
985 1824 993 1848 :
1027 1808 1095 1849 III
1115 1809 1180 1849 48.
1213 1808 1275 1849 VI
1304 1810 1341 1849 5.
1376 1809 1579 1850 109.126.
1611 1808 1678 1849 IX
1700 1810 1761 1850 73.

308 1880 397 1919 inf.
429 1879 525 1919 fut.
557 1894 565 1919 :
596 1878 708 1919 VIII
738 1879 803 1919 57.
851 1879 1083 1920 subiectum
1116 1894 1168 1919 ex
1190 1879 1461 1934 sequentibus
1483 1879 1763 1934 supplendum

309 1949 377 1990 IX
407 1949 458 1991 38
490 1943 548 1998 ὠς
579 1949 625 1991 δὲ
657 1942 739 1991 οὔκ
770 1949 1016 2005 ἐκαλλιέρεε
1049 1944 1208 2002 (ὕστεῙ)
1229 1946 1448 2004 μάχεσθαι
1471 1944 1572 1991 οὔτε
1594 1943 1765 1992 αι’·τοῖσι

309 2021 497 2075 Πέρσῃσι
529 2015 630 2062 οὔτε
662 2029 775 2063 τοῖσι
805 2022 897 2075 μετ’
930 2020 1114 2063 ἐκείνων
1146 2020 1265 2063 ἐοῦσι
1290 2015 1518 2075 Ἑλλήνων.

418 2092 458 2145 c)
490 2092 751 2132 accusativus
808 2106 900 2132 cum
956 2092 1161 2132 infinitivo
1216 2093 1404 2146 sequitur
1449 2091 1764 2132 coniunctiones

307 2157 419 2204 ὥστε
451 2169 491 2203 et
521 2157 579 2212 ὡς
608 2162 671 2202 his
702 2162 801 2203 locis
833 2177 842 2202 ε
872 2163 964 2203 inf.
996 2178 1174 2218 praes.
1209 2178 1217 2202 t
1248 2163 1269 2203 I
1304 2164 1350 2203 17
1382 2166 1458 2217 τῆς
1487 2159 1568 2217 γὰρ
1600 2158 1764 2204 θαλάσ-

310 2246 384 2289 σῃς
415 2233 455 2275 οἱ
486 2230 692 2288 ΠΙιλήσιοι
724 2229 1008 2288 ἐπεκράτεον,
1040 2228 1152 2276 ὥστε·
1184 2233 1368 2289 ἐπέδρης
1397 2229 1453 2288 μὴ
1492 2231 1601 2275 εἶναι
1639 2231 1767 2287 ἔργον

309 2307 362 2358 τῇ
392 2307 583 2358 στρατιῇ.
620 2304 708 2344 116.
767 2304 813 2344 II
847 2305 909 2345 12.
943 2305 1005 2345 79.
1043 2304 1129 2346 120.
1166 2305 1254 2345 158.
1300 2304 1369 2345 III
1405 2305 1466 2344 14.
1498 2305 1562 2345 23.
1595 2304 1657 2344 71.
1703 2303 1766 2344 IV

310 2376 375 2417 50.
410 2376 498 2416 136.
535 2376 624 2415 184.
697 2374 733 2414 V
764 2375 830 2429 92,
864 2377 898 2416 1.
969 2374 1079 2415 VIII
1123 2377 1183 2417 15.
1224 2376 1290 2416 52.
1324 2375 1413 2417 132.
1449 2376 1537 2416 141.
1606 2375 1671 2415 IX
1704 2375 1764 2415 13.

310 2446 406 2486 inf.
440 2461 541 2486 aor.
575 2461 582 2486 :
616 2447 635 2487 I
666 2447 690 2486 9
721 2439 858 2501 ιῖρχὴν
897 2441 979 2500 γὰρ
1026 2441 1112 2500 ἐγὼ
1150 2442 1451 2501 μηχανήσομαι
1495 2439 1614 2486 οἷ’τω
1654 2439 1763 2487 ὥστε

310 2517 412 2571 μηδὲ
443 2521 606 2570 μαθεῖν
634 2533 708 2571 μιν
738 2511 960 2569 ὀφθεῖσαν
993 2511 1073 2557 {xm}
1109 2520 1195 2558 σεῖ’.
1233 2518 1295 2558 74.
1354 2517 1400 2557 II
1435 2517 1521 2556 126.
1558 2517 1645 2555 141.
1704 2515 1765 2556 IV

311 2588 375 2628 46.
435 2588 474 2627 V
507 2589 594 2629 105.
654 2588 719 2628 VI
755 2589 814 2628 18.
875 2587 960 2628 VII
994 2590 1082 2628 117.
1118 2588 1211 2629 130.
1272 2586 1381 2627 VIII
1410 2588 1475 2627 27.
1507 2587 1573 2627 57.
1605 2586 1668 2626 88.
1700 2587 1763 2627 90.

406 2772 429 2816 ²)
457 2774 611 2805 Verbum
636 2772 869 2816 καλλιερέειν
893 2774 967 2805 sine
996 2769 1091 2808 ὥστε
1116 2774 1245 2816 legitur
1269 2774 1317 2805 VI
1336 2775 1376 2805 7ss
1402 2773 1466 2806 καὶ
1494 2771 1534 2806 οὔ
1561 2772 1631 2815 γὰρ
1655 2770 1761 2805 ἕκαλ-

314 2828 431 2873 λιέρεε
457 2829 626 2873 οὐδαμῶς
652 2830 861 2874 διαβαίνειν
885 2843 963 2873 μιν.
