2055 3387
980 341 1034 381 42

279 482 380 516 tum.
438 472 651 514 invenitur
672 472 783 513 enim
804 487 1103 527 nonnunquam
1125 473 1388 512 accusativus
1411 486 1504 512 cum
1525 471 1729 513 infinitivo

279 561 361 586 non
392 545 580 600 pendens
610 559 634 584 a
663 544 790 584 verbo
821 543 950 596 finito,
988 543 1059 583 sed
1093 544 1212 598 quasi
1243 558 1292 583 ca
1323 544 1373 584 de
1407 558 1530 583 causa
1560 543 1729 598 positus,

278 617 375 672 quia
405 616 534 657 verba
566 615 876 655 enuntiatorum
908 613 1269 665 secundariorum,
1301 628 1408 669 quae
1437 620 1534 654 sunt
1563 608 1630 663 ὡς
1658 614 1730 655 λε’-

277 699 451 742 γουσι,
482 680 551 735 ὡς
580 686 831 739 λέγεται,
872 678 938 733 ὡς
967 680 1357 739 πυνθάνομαι,
1403 679 1472 733 ὡς
1500 679 1730 739 ἤκουσα,

279 758 502 800 δοκέειν
530 772 632 811 μοι,
665 750 733 805 ὥς
763 755 855 809 ἐμὲ
888 746 945 796 εὖ
967 758 1299 810 μεμυῆσθαι,
1332 756 1615 796 accusativum
1637 770 1730 795 cum

278 829 482 870 infinitivo
502 827 743 868 desiderant
759 826 806 880 1),
836 826 951 867 velut
979 826 1001 866 I
1024 827 1076 867 65
1107 820 1165 875 ὡς
1195 819 1362 868 δἀἶτοὶ
1391 822 1733 880 Λακεδαιμόνιοι

279 901 467 955 λέγουσι,
497 902 758 953 Λυκοῦργον
787 894 1172 952 ἐπιτροπεύσαντα
1192 894 1439 950 Λεωβότεω
1465 923 1509 927 -
1543 897 1591 939 ἐκ
1620 894 1732 952 Κρή-

278 988 354 1026 της
383 965 623 1025 ἀγαγέσθαι
654 972 807 1011 ταῦτα.
842 969 930 1009 191.
1008 968 1075 1010 ΠΙ
1108 969 1169 1010 14.
1200 969 1253 1009 56
1284 963 1343 1017 ὡς
1373 969 1419 1010 δὲ
1448 963 1471 1010 ὃ
1502 965 1732 1023 ματαιότε-

279 1059 358 1098 ρος
387 1038 517 1097 λόγος
549 1036 758 1096 ὥρμηται,
789 1040 960 1093 λέγεται
989 1035 1279 1094 Πολυκράτεα
1310 1064 1362 1069 -
1392 1040 1543 1082 δοῦναι
1574 1043 1665 1081 κτλ.
1685 1039 1731 1093 ²).

279 1113 342 1155 IV
373 1114 410 1155 5,
459 1112 499 1153 V
529 1113 594 1153 44.
642 1110 705 1151 VI
735 1112 800 1154 54.
836 1111 924 1151 137.
972 1110 1060 1152 VII
1093 1111 1181 1151 171.
1241 1104 1300 1159 ὡς
1330 1106 1416 1165 ἐγὼ
1445 1106 1733 1164 πυνθάνομαι

279 1185 324 1226 II
355 1186 391 1226 8.
423 1183 485 1224 IV
517 1183 581 1224 95.
614 1183 680 1224 IX
711 1183 776 1224 85.
835 1176 894 1231 ὡς
923 1181 997 1236 ἐμὲ
1028 1172 1076 1223 εὖ
1105 1184 1353 1236 μεμνῆσθαι
1383 1180 1428 1222 ΙΙ
1460 1182 1548 1223 125.
1613 1181 1734 1222 δοκέ-

280 1271 345 1297 ειν
374 1254 471 1309 ἐμοί
499 1253 584 1294 VII
605 1253 698 1306 229,
729 1253 798 1293 ubi
830 1254 918 1293 sine
949 1267 1074 1293 causa
1106 1258 1147 1292 et
1168 1258 1314 1292 contra
1335 1253 1519 1292 omnium
1542 1251 1732 1292 codicum

281 1326 568 1367 auctoritatem
604 1323 776 1378 Kri‘lger
806 1323 926 1364 scribi
950 1323 1109 1363 mavult
1129 1323 1283 1364 δοκέει.
1325 1317 1384 1372 ὡς
1405 1324 1440 1364 δ’
1461 1318 1548 1377 ἐγώ
1569 1317 1733 1377 ἥκουσα

280 1396 343 1438 IV
375 1397 439 1437 76.

391 1482 422 1506 c.
474 1466 752 1508 Accusativus
783 1479 876 1505 cum
906 1464 1112 1505 infinitivo
1145 1479 1432 1520 epexegeseos
1464 1470 1535 1505 aut
1565 1466 1732 1521 apposi-

279 1538 403 1578 tionis
433 1538 524 1578 vice
555 1536 755 1592 fungitur.

390 1604 429 1660 ξ’
458 1609 523 1649 42.
596 1608 665 1648 Ad
710 1607 1015 1647 nominativum
1065 1606 1314 1647 substantivi
1361 1613 1433 1647 aut
1473 1607 1732 1662 pronominis

281 1679 454 1720 alicuius
486 1678 645 1720 accedit
676 1678 938 1719 accusativus
985 1692 1078 1718 cum
1108 1678 1314 1718 infinitivo
1347 1691 1632 1734 epexegeseos
1664 1683 1735 1718 aut

280 1750 553 1806 appositionis
584 1750 716 1789 instar
746 1749 808 1789 his
838 1749 1040 1804 exemplis
1072 1763 1081 1789 :
1112 1748 1134 1789 I
1164 1749 1216 1790 32
1247 1748 1284 1790 εἰ,
1321 1745 1379 1803 μή
1424 1747 1465 1790 οἱ
1506 1745 1615 1804 τῖ”χη
1644 1748 1735 1791 ἐπί-

284 1835 456 1872 σποιτο,
488 1817 636 1863 πάντα
656 1816 769 1862 καλὰ
801 1819 958 1874 ἔχοντα
988 1823 1243 1875 τελευτῆσαι
1273 1811 1321 1862 εἷ·
1350 1815 1431 1861 τὸν
1456 1821 1566 1872 βίον.
1597 1820 1639 1860 V
1668 1821 1733 1862 39.

281 1891 346 1933 VI
375 1893 438 1933 ⁶23.
497 1891 608 1932 VIII
642 1892 730 1932 135.
790 1890 857 1932 IX
891 1891 978 1932 101.

392 1976 416 2025 ξ
446 1975 510 2016 43.
569 1974 733 2014 Eodem
778 1973 902 2013 modo
951 1973 1002 2013 ad
1049 1987 1191 2014 casum
1237 1973 1451 2028 obliquum
1483 1972 1734 2013 substantivi

283 2051 354 2086 aut
384 2045 643 2100 pronominis
674 2044 845 2085 alicuius
876 2044 1068 2085 additur:
1099 2044 1167 2085 IX
1184 2044 1249 2098 60,
1283 2046 1299 2084 1
1335 2037 1508 2098 ἀγῶνος
1527 2045 1736 2098 μεγίστου

281 2117 590 2171 προκειμέιόυ,
622 2116 862 2171 ἐλευθέρην
893 2113 1003 2157 εἶναι
1034 2109 1059 2170 ἢ
1088 2116 1419 2171 δεδουλωμένην
1448 2109 1732 2170 τὴνἙλλάδα.

285 2187 346 2228 VI
374 2188 450 2228 108
473 2181 654 2242 οἷ’ρισαν
682 2182 763 2241 τῇ)
780 2183 929 2241 χώρην
960 2186 1032 2228 ἐπὶ
1053 2187 1230 2237 τοῖσιδε,
1260 2186 1336 2227 ἐᾶν
1360 2188 1577 2241 Θηβαίους
1598 2189 1736 2228 Βοιω-

282 2261 376 2300 τῶν
404 2254 509 2308 τοῖς
538 2254 595 2313 μὴ
625 2258 924 2311 βουλομιξίὊΓς
954 2257 997 2306 ἐς
1027 2253 1256 2306 Βοιωτοῖς
1285 2258 1462 2299 τελέειν.
1513 2258 1562 2299 cf.
1594 2257 1640 2298 II
1670 2258 1734 2298 73.

286 2331 375 2372 120.
411 2330 487 2371 136
518 2330 594 2370 bis.
629 2329 717 2370 147.
752 2329 840 2369 177.
899 2327 969 2369 III
999 2328 1051 2369 84
1083 2329 1156 2369 bis.
1190 2329 1278 2369 142.
1338 2328 1403 2369 IV
1436 2328 1524 2369 196.
1556 2328 1647 2369 201.
1696 2327 1736 2367 V

378 2547 403 2590 ¹)
431 2550 483 2580 Dc
511 2549 576 2580 hoc
602 2561 667 2581 usu
696 2550 738 2580 cf.
768 2547 927 2589 Kviffala‚
964 2549 1118 2591 Symbol.
1146 2549 1264 2591 philol.
1291 2550 1462 2580 Bonnens.
1498 2549 1533 2579 in
1570 2548 1735 2580 honorem

286 2606 340 2636 Fr.
366 2606 498 2636 Ritsch.
527 2606 604 2636 coll.
631 2617 661 2647 p.
690 2607 752 2637 «557
781 2616 852 2646 sqq.

376 2660 403 2703 2)
429 2662 583 2693 Verbum
615 2660 760 2705 λέγεται
789 2662 882 2703 quod
911 2662 947 2694 in
965 2662 1126 2694 omnibus
1145 2662 1325 2694 codicibus
1342 2661 1472 2703 legitur
1497 2661 1594 2693 Stcin
1612 2661 1735 2693 abesse

287 2718 382 2759 vult,
411 2719 491 2759 quia
519 2729 820 2760 supervacaneum
846 2723 907 2750 est.
956 2719 1066 2750 nihilo
1090 2724 1206 2751 tamen
1233 2719 1349 2750 minus
1373 2718 1498 2749 melius
1524 2718 1681 2758 fecisset,
1708 2717 1736 2748 si

286 2779 455 2806 mutasset
482 2775 516 2806 in
543 2773 720 2818 λέγεσθαι
747 2775 962 2807 infinitivum
988 2776 1065 2807 coll.
1084 2776 1131 2806 IV
1153 2777 1171 2807 6
1191 2770 1251 2809 ὅδε
1270 2772 1289 2809 ὃ
1307 2774 1419 2818 λόγος
1443 2770 1609 2817 ὥρμηται
1637 2771 1735 2817 λέγε-

288 2833 378 2864 σθαι
408 2836 441 2862 et
466 2831 512 2862 VI
539 2832 591 2870 843,
618 2834 637 2861 4
664 2828 683 2865 ἱ)
707 2830 816 2874 λόγος
842 2826 902 2866 ὅδε
927 2850 970 2854 -
996 2829 1154 2874 ὡρμήθη
1180 2830 1370 2875 λέγεσθαι.
1421 2833 1464 2863 ct.
1483 2831 1597 2862 Bachr
1614 2841 1642 2862 a.
1662 2830 1695 2861 h.
1714 2830 1734 2861 1.
