2055 3387
971 368 1023 409 63

266 501 461 542 infinitivi
490 499 662 541 articulo
692 500 882 541 instructi
913 500 1052 540 inveni
1096 499 1207 556 apud
1247 499 1428 542 verbum
1465 500 1679 553 φθονέειν
1709 509 1718 535 ²

266 572 355 614 VII
383 572 464 613 236
492 574 574 612 τοῦ
600 586 650 612 τε
680 564 902 625 εὐτυχέειν
932 572 1189 624 φθονέουσι.

375 645 400 694 ξ
429 643 493 683 67.
553 643 827 682 Accusativus
858 657 951 682 cum
980 642 1185 683 infinitivo
1218 643 1369 683 obiecti
1399 643 1489 683 loco
1510 643 1720 683 invenitur

266 713 332 754 IX
347 713 402 754 53
433 708 579 754 δεινὸν
607 713 687 767 μὲν
716 712 950 755 ἐποιεῦντο
980 709 1032 754 τὸ
1061 709 1119 768 μὴ
1139 715 1387 756 πείθεσθαι
1409 713 1580 755 ἐκεῖνον
1600 715 1720 766 σφίσι

268 785 406 825 statim
447 790 647 838 sequente
686 780 940 838 δεινότερον
980 784 1189 825 adiectivo
1233 799 1325 825 cum
1367 784 1478 824 nudo
1517 784 1719 824 infinitivo

269 855 503 906 coniuncto,
537 861 576 894 et
607 855 695 896 186
724 861 819 910 post
847 856 1022 896 verbum
1054 851 1241 909 ῥύεσθαι
1272 870 1280 895 z
1312 854 1351 896 εἴ
1376 856 1441 904 τίς
1469 870 1544 909 μιν
1573 850 1719 909 δαιμό-

266 940 359 967 νων
388 921 565 980 ῥύσεται
594 928 676 967 τοῦ
704 921 762 980 μὴ
791 922 965 979 ζώοντα
995 929 1343 980 κατακαυθῆναι.

375 997 401 1048 ξ
431 996 494 1037 68.
555 996 624 1036 Ab
655 996 871 1037 adiectivis
901 995 1156 1051 pendentem
1198 997 1449 1037 infinitivum
1490 1011 1582 1036 cum
1623 997 1717 1037 arti-

267 1068 358 1108 culo
392 1068 656 1108 coniunctum
688 1083 772 1107 non
804 1068 944 1108 inveni
974 1069 1051 1107 nisi
1083 1068 1134 1108 ab
1166 1067 1371 1108 adiectivo
1405 1067 1626 1116 αἴτιοςε
1654 1067 1720 1107 ΠΙ

270 1138 320 1178 12
352 1131 499 1179 τωύτὸ
542 1139 587 1180 δὲ
614 1142 750 1180 τοῦτο
791 1140 864 1180 καὶ
889 1141 970 1179 τοῦ
1000 1138 1058 1193 μὴ
1089 1142 1427 1193 φαλακροῖσθαι
1457 1135 1601 1180 αἴτιόν
1630 1139 1720 1181 ε’στι

267 1215 306 1249 et
321 1208 384 1249 IV
401 1209 453 1250 43
469 1212 550 1251 τοῦ
571 1234 615 1239 -
648 1205 705 1264 μὴ
734 1212 1011 1264 περιπλῶσαι
1030 1235 1079 1240 —
1101 1209 1256 1261 αἴτιον,
1288 1225 1380 1250 cum
1412 1210 1479 1250 HI
1504 1211 1553 1251 12
1582 1210 1719 1250 nudus

270 1279 500 1320 infinitivus
530 1281 768 1321 inveniatur
798 1296 806 1321 ε
850 1276 987 1322 τοῦτό
1032 1280 1124 1322 ἐστι
1167 1280 1311 1322 αἴτιον
1339 1277 1515 1336 ἰσχυρὰς
1543 1282 1722 1337 ᾳορέειν

264 1346 344 1400 τὰς
373 1347 579 1404 κεφαλάς.

266 1471 363 1526 Cap.
393 1472 507 1514 XIV.
559 1472 815 1515 ‘Infinitivus
857 1485 948 1516 cum
980 1473 1168 1516 articulo
1199 1473 1454 1516 coniunctus
1485 1486 1511 1516 a
1540 1485 1719 1529 praepo-

774 1543 1006 1586 sitionibus
1035 1543 1210 1598 pendet.

377 1630 402 1680 ἓ
433 1630 498 1670 69.
558 1632 595 1670 A
627 1631 940 1685 praepositione
969 1626 1117 1684 μετά
1148 1630 1303 1686 pendet
1347 1631 1367 1670 I
1402 1632 1477 1671 136
1514 1627 1623 1685 μετὰ
1665 1627 1717 1671 τὸ

265 1695 487 1753 μάχεσθαι
519 1697 627 1741 εἶναι
658 1694 846 1754 ἀγαθόν.
907 1700 967 1740 Vl
999 1702 1049 1741 67
1079 1697 1190 1754 μετὰ
1219 1697 1271 1742 τὸ
1300 1697 1557 1753 βασιλεύειν.

373 1771 398 1821 ξ
417 1771 480 1811 70.
538 1771 578 1811 Α
596 1771 906 1826 praepositione
936 1765 962 1812 (Ξ
980 1773 1069 1812 ντί
1096 1772 1253 1827 pendet
1272 1771 1294 1812 I
1318 1772 1394 1813 134
1415 1766 1513 1814 ἀντὶ
1533 1768 1614 1827 γὰρ
1634 1776 1717 1814 τοῦ

265 1836 612 1895 προσαγορεύειν
641 1834 858 1895 α’λλὴλους
888 1842 1088 1894 φιλέουσι
1117 1851 1231 1884 τοῖσι
1261 1839 1456 1897 στόμασι.
1488 1843 1613 1885 1180.
1643 1844 1716 1884 sed

267 1911 399 1951 tribus
430 1912 529 1952 locis
560 1911 802 1953 Herodotus
833 1913 1051 1954 articulum
1086 1915 1253 1954 omisit:
1284 1914 1401 1955 1210
1432 1907 1481 1963 ὂς
1509 1908 1607 1956 ἀντὶ
1639 1915 1719 1968 μὲν

265 1977 438 2022 δούλων
481 1982 687 2037 ἐποίησας
723 1983 986 2038 ἐλευθέρους
1016 1985 1187 2039 Πέρσας
1228 1982 1358 2035 εἶναι,
1390 1979 1488 2027 (ivri.
1520 1986 1565 2026 δὲ
1595 1980 1717 2039 ἄρχε-

265 2056 371 2093 σθαι
404 2047 473 2093 ὑπ’
503 2047 652 2094 ἄλλων
681 2048 830 2108 ἄρχειν
859 2048 1082 2096 ἁπάντων.
1144 2055 1230 2095 VII
1254 2057 1331 2096 170
1358 2057 1569 2111 (Κρῆτας)
1589 2072 1717 2110 μετα-

263 2119 481 2174 βαλόντας
510 2118 608 2165 ιῖντὶ
637 2125 718 2178 μὲν
746 2128 934 2180 Κρητῶν
962 2126 1170 2180 γενέσθαι
1199 2119 1396 2181 Ἰήπυγας
1417 2128 1715 2178 ΛῙεσσαπίους,

265 2185 363 2234 ἅντὶ
406 2194 451 2235 ὀὲ-
496 2192 606 2236 εῗναι
648 2192 864 2250 νησιώτας
908 2189 1168 2251 ἠπειρώτας.
1256 2197 1320 2238 VI
1362 2198 1415 2239 32
1459 2194 1619 2247 παῖδας
1667 2214 1715 2239 τε

264 2259 369 2312 τοὺς
389 2258 717 2315 εὐειδεστάτους
737 2263 1017 2321 ἐκλεγόμενοι
1045 2267 1284 2322 ἐξέταμνον
1303 2270 1375 2309 καὶ
1406 2268 1587 2310 ἐποίευν
1616 2262 1713 2311 dmi

266 2331 376 2375 εἶναι
406 2331 605 2390 ἐνόρχιας
635 2332 882 2390 εὐνούχους.
949 2339 990 2378 in
1031 2339 1224 2379 omnibus
1270 2339 1478 2379 codicibus
1518 2341 1716 2380 articulus

267 2404 329 2444 his
360 2406 458 2445 locis
491 2407 667 2447 omissus
699 2414 781 2456 est,
828 2409 907 2447 nisi
950 2409 1061 2463 quod
1102 2411 1143 2448 in
1175 2410 1302 2450 altero
1334 2411 1526 2465 exemplo
1559 2411 1715 2451 Aldina

266 2475 441 2530 praebet
484 2469 583 2517 αντὶ
629 2477 675 2517 δὲ
720 2481 813 2518 τοῦ.
890 2478 977 2518 sine
1024 2493 1148 2519 causa
1191 2481 1443 2521 recentiores
1475 2480 1655 2521 editores
1694 2496 1716 2522 e

268 2545 537 2587 Valckenarii
567 2549 806 2589 coniectura
836 2549 1040 2603 probante
1072 2549 1283 2590 Bredovio
1316 2551 1358 2603 (l.
1391 2551 1414 2591 l.
1446 2567 1484 2606 p.
1517 2552 1588 2603 84)
1620 2553 1713 2591 arti-

265 2617 402 2657 culum
450 2619 493 2658 in
541 2624 701 2658 textum
745 2627 992 2674 receperunt
1010 2620 1055 2673 1).
1103 2646 1154 2650 -—
1199 2620 1260 2661 IV
1292 2622 1343 2662 79
1372 2625 1453 2663 τοῦ
1481 2618 1714 2675 βακχεύειν

265 2688 378 2741 πέρι.

358 2864 382 2906 ¹)
403 2866 452 2896 cf.
479 2867 592 2897 Bachr
616 2878 645 2898 a.
673 2867 705 2897 h.
731 2867 750 2897 l.
779 2871 812 2897 ct
838 2867 952 2898 Kiilm.
978 2878 1028 2908 gr.
1055 2869 1112 2899 Gr.
1139 2871 1158 2906 ἓ
1184 2871 1259 2909 479,
1287 2872 1315 2900 2.
