2055 3387
944 300 998 341 30

240 434 390 489 legitur
422 449 430 474 z
463 431 620 475 ἔδοσαν
649 432 826 487 Κροίσῳ
856 432 928 473 καὶ
950 432 1131 473 Λυδοῖσι
1160 433 1464 488 προμαντηίην
1492 434 1564 474 καὶ
1594 425 1690 475 ἅτε-

238 506 357 560 λείην
385 506 457 545 καὶ
488 504 738 558 προεδρίην,
769 503 841 543 καὶ
871 501 1030 553 ἐξεῖναι
1060 505 1134 556 τῷ
1175 503 1429 557 βουλομέ
1443 519 1512 558 νῳ
1543 496 1692 545 αὖτῶν

239 578 439 630 γίνεσθαι
470 569 693 626 Δελφὸν
723 572 766 622 ἐς
796 568 876 614 τὸν
905 572 990 614 αἰεὶ
1017 569 1204 627 χρόνον,
1247 574 1316 613 ubi
1346 588 1421 628 pro
1453 576 1689 614 accusativo

240 642 414 699 Δελᾳόν
455 646 639 686 dativum
682 645 840 698 Δελφῷ
884 651 1191 698 exspectamus.
1262 644 1450 684 similiter
1491 645 1688 684 accusati-

240 733 338 758 vum
368 717 577 773 participii
610 731 685 771 pro
718 715 858 755 dativo
899 714 1078 768 legimus
1122 714 1143 753 Ι
1172 714 1225 755 53
1253 709 1359 763 τοὺς
1396 714 1441 755 δὲ
1476 708 1694 769 Ἑλλήνων

241 784 580 836 δυνατωτάτους
603 780 926 838 συνεβούλευόν
956 800 979 825 ο
998 783 1011 825 ἱ
1041 780 1360 839 ἐξευρόντα
1386 786 1542 837 ᾳίλους
1561 797 1695 840 προσ-

241 860 418 901 θέσθαι.
452 859 503 898 cf.
534 859 598 898 21.
634 858 721 898 117.
756 857 844 897 123.
879 856 967 897 125.
1002 855 1092 895 126.
1123 854 1169 895 Π
1201 856 1290 896 107.
1321 854 1390 895 III
1421 856 1484 896 21.
1513 855 1692 896 25135.

240 930 304 971 IV
337 930 426 970 133.
484 928 522 968 V
557 929 644 970 109.
706 927 767 968 VI
798 927 861 967 30.
894 927 957 967 78.
1015 925 1102 967 VH
1127 927 1214 967 173.
1274 925 1383 966 VIII
1404 926 1468 967 24.
1495 927 1582 967 100.
1602 927 1693 967 120.

241 1007 399 1042 restant
431 999 510 1040 duo
543 997 748 1053 exempla,
779 997 850 1037 ubi
881 996 1009 1037 dativi
1041 996 1202 1049 desunt,
1233 997 1456 1051 participia
1482 1002 1620 1038 autem
1651 997 1693 1036 in

242 1072 479 1112 accusativo
513 1069 764 1110 exhibentur
797 1083 804 1108 :
848 1067 910 1107 VI
937 1068 992 1109 94
1029 1063 1335 1121 ἐντειλάμενος
1375 1067 1421 1108 δὲ
1460 1060 1694 1121 (ἔπε’πεμπε

1674 1159 1680 1174 1

1679 1154 1696 1178 J

241 1142 294 1193 ἐξ
307 1159 332 1183 ιι
346 1158 371 1183 ν
384 1142 441 1196 ὁρ
453 1158 478 1182 α
490 1156 556 1182 πο
567 1141 678 1181 ὁίσα
689 1154 713 1180 ν
724 1155 811 1187 τας
830 1131 1014 1193 Ἀθήνας
1030 1139 1102 1179 καὶ
1117 1131 1336 1192 Ἐρέτριαν
1351 1130 1529 1191 circi-sav
1541 1135 1656 1179 ἑωυτ

241 1213 284 1262 ἐς
315 1207 421 1266 ὄψιν
450 1208 504 1253 τὰ
535 1204 792 1265 (ἔιύράποὸα
840 1216 881 1249 et
911 1208 1020 1249 VIII
1050 1210 1098 1250 91
1131 1209 1462 1263 παραρτέεσθαί
1490 1224 1536 1249 τε
1575 1222 1694 1250 συνε-

239 1281 369 1336 βοῦλε
380 1300 420 1326 ve
455 1277 513 1332 ὡς
543 1275 570 1323 (Ξ
586 1285 611 1323 λ
627 1298 643 1323 ε
661 1285 684 1332 ξ
697 1297 721 1336 η
733 1293 757 1323 σ
772 1296 836 1334 ομ
849 1280 870 1321 ε’
885 1295 909 1321 ν
923 1296 946 1321 0
961 1297 1028 1329 υς.

581 1403 619 1444 4.
648 1401 963 1443 Accussativus
994 1412 1085 1442 cum
1115 1401 1345 1442 infinItivo.

353 1476 394 1529 a)
428 1474 487 1516 Ut
516 1473 626 1513 hunc
657 1487 776 1513 usum
808 1471 1010 1526 exemplis
1042 1471 1297 1511 Herodoteis
1327 1471 1543 1523 illustrem,
1584 1484 1688 1525 opus

242 1561 324 1586 non
357 1551 420 1585 est
450 1544 500 1584 de
533 1545 694 1597 origine
725 1543 811 1583 eius
842 1544 883 1582 in
916 1542 1158 1582 universum
1180 1540 1406 1596 disputare,
1437 1542 1561 1580 immo
1582 1555 1696 1581 secu-

242 1623 307 1657 tus
339 1630 388 1656 ea
419 1629 527 1670 quae
559 1613 729 1656 Curtius
761 1614 811 1654 de
842 1613 921 1653 hae
940 1626 985 1653 re
1007 1613 1203 1667 exposuit
1223 1612 1403 1667 primum
1427 1626 1476 1651 ea
1499 1611 1694 1665 exempla

241 1687 459 1739 enarrabo,
491 1686 562 1726 ubi
581 1684 864 1725 accusativum
896 1683 948 1724 ab
969 1684 1060 1738 ipso
1084 1683 1211 1723 verbo
1234 1682 1349 1723 finito
1371 1681 1556 1737 pendere
1573 1696 1696 1721 nemo

244 1757 476 1812 negaverit.

353 1829 458 1879 get).
505 1826 574 1868 ἐῶ
606 1826 623 1865 Ι
654 1827 708 1866 90
738 1821 868 1874 ἐάσας
896 1840 949 1879 με
970 1848 1013 1854 -—
1035 1823 1303 1878 ἐπείρεσθαι.
1336 1822 1429 1864 207.
1461 1821 1506 1862 Π
1539 1823 1600 1864 18.
1630 1822 1696 1863 30.

244 1899 313 1940 III
344 1899 406 1940 72.
443 1899 530 1939 122.
590 1896 650 1937 IV
683 1897 747 1938 97.
781 1897 870 1936 156.
906 1896 994 1936 164.
1026 1896 1119 1936 201.
1179 1893 1218 1934 V
1239 1894 1276 1934 6.
1307 1894 1371 1934 96.
1434 1892 1495 1933 VI
1516 1893 1581 1933 97.
1608 1893 1696 1933 108.

247 1971 335 2011 113.
406 1968 494 2009 VII
524 1970 560 2010 9.
595 1969 657 2020 10,
688 1969 725 2009 5.
760 1968 821 2019 16,
852 1967 888 2007 2.
925 1967 987 2008 18.
1018 1966 1083 2006 47.
1118 1965 1206 2007 104.
1261 1963 1371 2004 VIII
1402 1964 1468 2004 36.
1498 1964 1562 2003 61.
1631 1962 1698 2003 IX

243 2042 307 2082 45.
358 2043 444 2080 111.
519 2038 782 2079 accusativus
824 2037 943 2078 facile
986 2051 1038 2077 ex
1081 2034 1427 2077 antecedentibus
1482 2033 1700 2089 suppletur

246 2111 308 2152 IV
342 2112 418 2151 112
461 2109 554 2151 ἐπεὶ
598 2109 641 2150 δὲ
677 2107 847 2163 ἔιιιαθον
889 2100 1051 2156 αὖτοὺς
1091 2105 1135 2148 αἱ
1166 2100 1395 2160 Ἀμαζόνες
1424 2103 1492 2145 ἐπ’
1523 2097 1697 2157 οἶὸεμιῖ,

247 2177 395 2236 δηλήσι
434 2174 722 2235 ιῖπιγμείὀυς,
762 2177 848 2220 ἔων
876 2179 1045 2232 χαίρειν
1076 2184 1116 2217 et
1145 2176 1231 2217 VII
1266 2176 1326 2227 10,
1356 2176 1393 2215 5.
1463 2190 1522 2228 με
1542 2175 1699 2229 τίημι

246 2253 267 2292 I
297 2253 346 2293 37
379 2252 452 2306 ἐμὲ
481 2277 535 2281 -
562 2251 689 2306 μέτες
719 2249 842 2291 ἰέναι.
875 2250 940 2290 40.
1000 2242 1193 2302 ἀνίημι
1222 2245 1268 2286 Π
1288 2246 1352 2286 36.
1411 2245 1476 2285 IV
1495 2246 1583 2287 175.
1610 2245 1698 2286 180.

248 2317 411 2378 ὁρέω,
456 2323 567 2377 quod
611 2322 631 2361 I
675 2322 755 2363 209
798 2321 862 2362 bis
919 2335 1013 2360 cum
1067 2319 1307 2360 accusativo
1354 2331 1447 2357 cum
1493 2316 1699 2356 infinitivo

249 2395 511 2434 coniunctum
542 2393 698 2438 inveni,
729 2394 786 2432 ita
815 2398 968 2442 tamen,
999 2397 1045 2431 ut
1072 2390 1279 2430 infinitivo
1315 2387 1537 2428 antecedat
1580 2401 1698 2427 accu—

250 2465 405 2505 sativus
436 2464 640 2520 participii
671 2462 943 2519 praedicativi
975 2462 1045 2515 (cf.
1077 2476 1117 2516 p.
1147 2461 1232 2512 39).
1300 2457 1583 2513 περιορέω
1612 2455 1701 2496 VII

253 2536 314 2586 16,
350 2537 366 2575 1
410 2530 490 2589 τὴν
518 2559 571 2563 —-
622 2529 851 2575 θάλασσαν
893 2557 938 2561 -
982 2524 1035 2573 οὗ
1073 2533 1287 2586 περιορᾶν*
1318 2525 1422 2582 (piot,
1451 2531 1504 2581 τῇ
1535 2525 1701 2582 ἑωυτῆς

248 2609 440 2661 χρᾶσθαι
459 2606 503 2659 ¹).
562 2604 585 2644 I
613 2604 678 2645 24.
714 2604 803 2644 191.
918 2595 1056 2643 ιῖκοί
1070 2618 1106 2643 ω
1147 2601 1192 2642 Π
1225 2602 1314 2652 150,
1347 2600 1416 2640 ubi
1448 2597 1700 2639 infinitivum

345 2744 370 2785 ¹)
396 2744 542 2786 Saepius
568 2741 750 2786 περιορέω
787 2752 866 2773 cum
904 2741 1088 2783 participio
1128 2741 1355 2772 coniunctum
1394 2741 1507 2769 exstat
1533 2748 1539 2767 :
1567 2737 1597 2767 ΙΙ
1627 2739 1699 2767 110.

254 2804 299 2835 VI
328 2805 400 2834 lm).
451 2803 513 2833 VII
544 2803 616 2832 168.
667 2801 746 2831 VIII
774 2802 825 2830 ΤΞ).
