2055 3387
953 369 994 381 ‘nr-

945 374 991 408 (n

496 501 764 554 Excursus
800 499 867 552 ad
899 498 1214 551 Herodotum
1247 496 1323 550 III
1359 496 1432 550 14.

364 603 507 642 Ταῦτα
538 593 596 648 ὡς
621 592 943 651 ἀπενειχθέντα
972 591 1060 639 ὑπὸ
1090 593 1256 638 τούτου
1275 587 1325 637 εὖ
1347 596 1518 637 δοκέειν
1538 607 1613 648 σφι
1643 596 1698 637 εἰ-

248 675 421 727 ρῗσθαι.
481 665 539 720 ὡς
568 669 614 711 δὲ
643 669 816 723 λέγεται
844 662 918 710 ὑπ’
948 667 1219 722 Αἰγυπτίων,
1250 663 1455 721 δακρύειν
1473 666 1697 721 μὲνΚροῖ-

250 754 330 785 σον
368 737 609 795 (ἐτετεύχεε
646 735 727 794 γὰρ
763 740 836 780 καὶ
875 728 1007 786 οὗτος
1045 733 1342 791 ἐπισπόμενος
1380 732 1591 790 Καμβύσῃ
1630 736 1698 778 ἐπ’

249 812 513 866 Αἴγυπτον),
543 805 748 865 δακρύειν
778 809 824 850 δὲ
854 808 1063 863 Περσέων
1091 803 1195 856 τοὺς
1224 802 1487 861 παρεόντας.

360 896 442 937 quo
483 882 572 921 loco
611 880 688 920 viri
729 879 837 920 docti
877 879 1051 920 multum
1082 878 1340 918 sudaverunt
1370 877 1421 917 de
1451 876 1700 932 explicanda

249 952 567 993 constructione.
626 965 771 991 sensus
802 950 913 990 enim
943 963 1038 989 cum
1079 949 1132 988 sit
1171 948 1214 987 in
1245 953 1414 1002 aperto⁷
1446 947 1699 987 constructio

251 1028 316 1063 est
334 1022 521 1063 obscura.
566 1034 701 1075 neque
722 1021 832 1060 enim
854 1020 960 1059 bene
983 1017 1358 1072 Schweighaeuser
1379 1010 1701 1070 ἀπενειχθέντα

250 1093 513 1148 participium
542 1106 618 1146 pro
650 1090 778 1131 verbo
808 1090 923 1130 finito
955 1089 1066 1144 quod
1098 1094 1297 1143 sequatur
1327 1087 1519 1128 voculam
1550 1081 1608 1136 ὡς
1629 1101 1700 1142 po-

251 1149 374 1204 situm
418 1177 509 1202 esse
540 1161 707 1213 statuit,
755 1174 893 1215 neque
936 1159 1164 1201 Schaefero
1195 1157 1507 1214 astipulandum
1552 1171 1704 1198 censeo

251 1227 310 1282 ὥς
339 1247 415 1288 pro
446 1226 504 1281 ὡς
534 1232 690 1285 legenti
721 1245 857 1286 neque
899 1245 992 1271 cum
1024 1230 1221 1270 Abichtio
1264 1229 1432 1283 (Philol.
1462 1229 1507 1270 X
1536 1244 1574 1284 p.
1603 1229 1703 1281 565)

250 1297 438 1357 ἤκουσεν
453 1303 626 1343 verbum
644 1308 715 1343 aut
746 1316 840 1341 eum
859 1299 1020 1342 Steinio
1053 1302 1108 1353 (a.
1130 1300 1169 1340 h.
1193 1300 1237 1352 l.)
1268 1299 1365 1340 talia
1395 1299 1483 1340 fere
1512 1293 1705 1353 ἥκουσαν

252 1372 295 1415 οἱ
323 1374 424 1428 περὶ
454 1369 690 1427 Καμβύσεα
721 1371 925 1412 excidisse
956 1371 1218 1426 putaverim⁷
1249 1369 1404 1411 nedum
1431 1369 1611 1410 Baehrio
1643 1383 1706 1408 as-

253 1445 407 1484 sentiar
451 1444 522 1498 qui
566 1444 608 1483 in
650 1443 921 1483 adnotatione
951 1455 986 1481 a.
1017 1441 1057 1480 h.
1088 1440 1103 1480 l
1132 1434 1191 1489 ὡς
1221 1439 1469 1495 particulam
1500 1453 1549 1479 eo
1580 1453 1707 1479 sensu

252 1514 415 1568 accepit
445 1528 525 1568 quo
557 1514 680 1554 etiam
712 1511 1087 1566 Schweighaeuser
1116 1511 1158 1550 in
1189 1511 1270 1550 lex.
1302 1508 1462 1550 Herod.
1487 1508 1533 1549 II
1563 1524 1602 1564 p.
1626 1509 1707 1550 392

252 1583 440 1636 intellegi
479 1584 646 1624 voluit:
687 1592 808 1638 atque
846 1582 965 1633 haec,
1010 1589 1147 1636 utpote
1189 1581 1433 1621 renuntiata
1464 1579 1705 1634 (Cambysi)

257 1653 309 1693 ab
339 1654 411 1694 hoc
443 1654 625 1706 (nuntio)
659 1654 754 1694 bene
784 1652 898 1693 dicta
929 1667 1012 1693 esse
1040 1652 1082 1692 ei
1106 1651 1246 1692 videri
1272 1649 1452 1704 (dicunt)
1485 1665 1493 1690 :
1536 1659 1581 1690 ut
1610 1665 1703 1691 vero

255 1723 307 1763 ab
336 1724 539 1778 Aeyyptis
567 1723 764 1775 traditur,
798 1722 970 1763 Croesus
1000 1722 1201 1763 lacrimas
1229 1720 1349 1774 fudit
1379 1735 1412 1761 e.
1428 1735 1466 1775 q.
1485 1735 1530 1773 s.,
1562 1720 1631 1760 ubi
1649 1720 1703 1760 ad

254 1793 385 1833 verba
412 1795 485 1834 καὶ
514 1796 652 1834 ταῦτα
683 1818 734 1823 —·
764 1793 966 1848 εἰρῗσθαι
1003 1807 1025 1832 e
1056 1791 1326 1846 sequentibus
1370 1791 1508 1831 verbis
1554 1784 1612 1839 ὡς
1655 1790 1702 1831 δὲ

254 1863 427 1917 λέγεται
456 1857 529 1904 ὑπ’
559 1863 654 1917 Azy.
686 1864 774 1903 iure
806 1863 883 1902 sibi
928 1862 1100 1916 λέγεται
1148 1861 1199 1901 ad
1244 1860 1532 1901 antecedentia
1562 1866 1701 1900 mente

254 1939 447 1988 repetere
476 1948 599 1988 posse
632 1933 806 1973 videtur.
866 1931 1060 1987 equidem
1091 1937 1187 1972 ante
1218 1932 1358 1971 omnia
1386 1946 1439 1972 ex
1468 1931 1583 1972 libris
1603 1946 1700 1972 mss.

254 2015 331 2056 σφι
360 2003 574 2058 εἰρῆσθαι,
605 2018 688 2043 non
711 2002 752 2044 οἱ
773 2002 976 2057 εἰρῆσθαι
997 2002 1225 2056 legendum
1248 2015 1413 2053 censeo,
1444 2016 1541 2042 nam
1556 2002 1701 2042 Psam-

254 2074 397 2114 meniti
413 2075 542 2114 verba
555 2088 638 2114 non
655 2074 788 2113 solum
799 2072 1014 2126 Cambysi‚
1032 2072 1105 2112 sed
1123 2072 1248 2112 etiam
1262 2071 1420 2113 Croeso
1439 2072 1701 2112 satellitibus-

256 2157 338 2197 que
358 2145 470 2198 regis
490 2144 599 2184 bene
622 2142 731 2183 dicta
761 2158 853 2184 esse
883 2142 1153 2195 videbantur3
1185 2148 1274 2182 tum
1305 2141 1422 2182 deleo
1453 2142 1701 2197 particulam

256 2213 305 2254 δέ
331 2213 373 2252 in
402 2214 539 2254 verbis
557 2208 615 2262 ὡς
632 2214 677 2255 δὲ
694 2213 865 2267 λέγεται
881 2214 1004 2253 nixus
1021 2213 1163 2253 codice
1180 2212 1232 2262 R,
1263 2212 1333 2252 ubi
1365 2226 1414 2252 ea
1444 2213 1598 2252 omissa
1627 2218 1700 2253 est.

255 2284 336 2323 iam
368 2283 500 2337 qualis
531 2284 683 2324 evadat
712 2284 961 2324 constructio
1005 2284 1046 2323 in
1088 2288 1234 2337 aperto
1265 2289 1327 2323 est
1357 2298 1365 2322 :
1397 2276 1455 2331 ὡς
1486 2282 1701 2337 particula,

256 2359 402 2407 utpote
447 2367 554 2407 quae
597 2353 649 2394 sit
678 2354 721 2393 in
752 2355 943 2394 oratione
974 2353 1154 2408 obliqua,
1188 2368 1282 2393 cum
1313 2353 1550 2393 accusativo
1573 2359 1614 2393 ct
1641 2354 1700 2393 in-

254 2422 415 2463 finitivo
446 2424 665 2464 coniuncta
691 2430 765 2476 est,
795 2425 910 2465 cuius
940 2423 1139 2479 loquendi
1168 2438 1267 2464 usus
1297 2423 1409 2478 apud
1437 2423 1701 2464 Herodotum

257 2493 386 2533 multa
416 2499 581 2534 exstant
611 2494 806 2549 exempla
835 2494 906 2547 (cf.
938 2509 977 2549 p.
1007 2494 1092 2543 49).
1147 2494 1349 2534 habemus
1380 2499 1518 2534 autem
1549 2494 1699 2533 oratio-

257 2577 353 2603 nem
383 2563 607 2618 obliquam,
639 2565 736 2618 quia
764 2570 896 2605 totum
926 2565 1187 2605 enuntiatum
1208 2579 1230 2604 e
1251 2578 1374 2604 sensu
1391 2564 1701 2619 Aegyptiorum

259 2632 414 2673 dictum
446 2640 520 2685 est,
555 2640 640 2674 tum
671 2634 875 2675 habemus
897 2634 1156 2674 enuntiatum
1177 2635 1466 2689 interpositum
1498 2627 1557 2682 ὡς
1586 2633 1701 2687 λέγε-

255 2717 328 2744 ται
356 2697 429 2744 ἰᾶτ’
459 2703 729 2758 Αἰγυπτίων,
761 2703 911 2744 deinde
943 2703 1164 2759 apodosios
1208 2705 1297 2744 loco
1329 2703 1504 2744 alterurn
1533 2718 1700 2743 accusa-

256 2772 386 2812 tivum
418 2788 510 2814 cum
540 2774 757 2814 infinitivo.
