2055 3387
225 517 435 569 Gaisford,
469 532 600 573 nuper
622 518 777 571 Eltz1).
837 520 911 560 sed
934 521 1079 562 merito
1100 522 1328 563 infinitivus
1361 522 1539 566 ἔσεσθαι
1570 540 1676 580 quae

224 594 287 628 est
317 589 554 629 coniectura
586 590 721 631 Reizii
751 605 775 631 a
804 592 1111 633 recentioribus
1142 592 1347 634 Herodoti
1379 595 1604 637 editoribus
1633 599 1676 638 in

222 665 382 700 textum
413 666 606 715 receptus
637 666 700 701 est
729 661 800 715 (ef.
833 661 975 703 Baehr
1004 678 1040 703 a.
1070 663 1109 703 h.
1141 663 1202 716 l.).

573 783 609 824 2,
640 781 872 824 Genetivus
903 795 994 824 cum
1024 783 1254 827 infinItivo.

334 860 358 907 ,S
388 859 451 899 24.
512 857 769 899 Genetivum
812 874 905 900 eum
943 860 1149 901 infinitivo
1190 876 1281 902 earn
1325 861 1414 902 dieo
1453 862 1678 903 verborum

225 929 560 969 coniunctionem
604 929 671 969 ubi
712 945 736 970 a
775 931 906 970 verbo
951 931 1068 971 finito
1113 938 1153 972 et
1195 933 1417 987 genetivus
1462 939 1502 973 et
1544 932 1678 973 infini-

225 1001 335 1040 tivus
380 999 547 1055 pendet.
636 1015 729 1041 eum
775 1001 904 1042 habes
951 1002 1060 1057 apud
1102 1003 1229 1043 verba
1272 1003 1490 1059 χρηίζω
1535 1004 1555 1044 Ι
1602 1005 1679 1044 112

225 1072 444 1126 λαβομένη
501 1075 594 1113 τῶν
648 1069 881 1126 γουνάτων
935 1076 1018 1115 τοῦ
1070 1066 1229 1129 ἀνδρὸς
1285 1070 1452 1129 ἐχρήϊζε
1496 1075 1679 1130 μηδεμιῇ

224 1142 353 1196 τέχνῃ
410 1142 608 1184 ἐκθεῖναί
662 1157 758 1197 μιν,
816 1143 886 1184 ubi
935 1145 1154 1199 genetivus
1211 1148 1293 1186 τοῦ
1349 1139 1509 1200 ἀνδρός
1557 1152 1598 1186 et
1655 1160 1679 1186 a

226 1214 424 1266 genetivo
454 1216 547 1255 τῶν
574 1210 806 1268 γουνάτων
836 1220 877 1261 et
907 1230 930 1256 a
959 1215 1088 1256 verbo
1119 1212 1287 1271 ἐχρήϊζε
1318 1216 1486 1272 pendet.
1541 1215 1580 1256 V
1616 1217 1677 1257 19.

226 1285 290 1326 65.
338 1284 403 1324 IX
433 1286 498 1327 55.
571 1285 941 1340 προσχρηίζω
975 1285 1082 1326 VIII
1102 1287 1190 1339 140,
1209 1287 1246 1326 2.
1319 1287 1519 1340 δέομαι
1548 1286 1680 1328 III44

227 1352 489 1410 ὀέησόμενος
532 1353 844 1411 Πολυκράτεος
890 1352 1080 1411 στρατὸν
1124 1353 1334 1399 ναυτικὸν
1378 1352 1464 1411 ἅμα
1508 1358 1679 1411 πέμψαι

228 1425 382 1481 ἑωυτῷ
411 1426 480 1468 ἐπ’
509 1426 751 1482 Αἴγυπτον.
795 1428 851 1468 ita
873 1428 1003 1480 Stein,
1037 1443 1292 1483 quamquam
1324 1443 1406 1468 non
1438 1429 1575 1480 video,
1608 1443 1680 1468 eur

228 1498 475 1538 recedamus
507 1514 530 1538 a
560 1500 763 1554 scriptura
796 1499 985 1539 codicum
1016 1498 1163 1539 ABOd
1196 1514 1204 1539 t
1248 1497 1415 1553 ἔπεμψε
1446 1498 1489 1548 ἐς
1519 1495 1677 1553 Σάμου

228 1565 446 1624 (ἳεόμειός.
478 1570 543 1611 58.
602 1569 624 1609 Ι
653 1570 745 1610 213.
804 1570 869 1611 IV
899 1570 990 1612 203.
1053 1569 1090 1609 V
1119 1570 1184 1610 44.
1215 1570 1279 1611 80.
1312 1571 1374 1611 82.
1435 1569 1497 1609 VI
1529 1570 1591 1610 13.
1614 1569 1678 1610 89.

228 1639 339 1682 VIII
369 1640 407 1680 4.
437 1640 615 1681 22:132
645 1640 721 1681 bis.
757 1641 844 1681 142.
947 1656 1022 1695 πρ
1044 1655 1066 1682 ο
1085 1641 1348 1694 σδέομαι
1378 1639 1489 1680 VIII
1519 1641 1574 1683 40
1603 1641 1677 1681 bis.

228 1712 650 1766 κατηγορέομαι
682 1711 769 1753 VII
798 1712 890 1753 205.

338 1785 362 1833 ξ
393 1783 456 1823 25.
516 1783 580 1823 VI
609 1783 663 1824 35
704 1783 916 1824 invenitur
956 1783 1217 1838 exemplum.
1259 1782 1328 1823 ubi
1371 1784 1594 1836 genetivus
1641 1788 1681 1824 et

229 1853 490 1894 aecusativus
515 1868 607 1894 eum
630 1853 832 1893 infinitivo
863 1855 1070 1894 coniuncti
1094 1859 1214 1894 sunt:
1247 1853 1477 1895 ἐδέοντο
1509 1846 1681 1895 [εἶ-τοῖ’

230 1928 293 1979 τῷ
314 1928 410 1979 θεῷ
430 1941 458 1979 μ
474 1940 524 1966 ιν
543 1926 799 1975 πείθεσθαι,
833 1939 925 1965 cum
947 1926 1058 1965 solus
1080 1926 1341 1966 aecusativus
1363 1939 1455 1965 cum
1476 1924 1680 1965 infinitivo

230 2002 429 2051 sequatur
459 1995 521 2037 Vl
550 1996 616 2037 41.
652 1997 739 2038 100.

339 2071 362 2116 ,S
392 2068 457 2109 26.
516 2067 810 2108 Praedicatum
854 2068 886 2107 si
929 2073 1092 2108 constat
1138 2082 1188 2108 ex
1230 2067 1435 2108 infinitivo
1475 2066 1683 2121 γενέσθαι

230 2146 270 2180 et
302 2139 588 2189 substantivo,
625 2139 704 2179 hoe
746 2145 817 2179 aut
858 2139 1109 2179 attractione
1156 2139 1338 2194 quadam
1383 2139 1583 2191 genetivo
1614 2142 1683 2177 aut

231 2211 468 2251 accusativo
499 2210 637 2263 utitur⁷
667 2216 712 2250 ut
742 2210 780 2250 V
811 2210 864 2250 80
894 2210 1035 2251 δοκέω
1066 2204 1165 2264 ἡμῖν
1193 2209 1465 2264 Αἰγινητέων
1504 2209 1683 2249 δέεσθαι

231 2278 312 2323 τὸν
342 2277 454 2323 θεὸν
481 2285 636 2337 χρῆσαι
665 2276 1074 2335 τιμωρητήρων
1102 2281 1322 2335 γενέσθαι,
1354 2286 1501 2320 contra
1524 2279 1587 2319 VI
1608 2280 1684 2320 100

233 2348 477 2411 Ἀθηναίων
506 2350 751 2409 ἐδεήθησαν
781 2353 899 2405 σᾳίσι
927 2355 1112 2407 βοηθο
1130 2348 1182 2401 ὓς
1211 2344 1430 2406 γενέσθαι.

643 2475 678 2517 3.
708 2474 897 2516 Dativus
929 2485 1020 2516 cum
1049 2472 1279 2515 infinitivo.

345 2572 370 2621 ξ
401 2570 465 2610 27.
535 2569 680 2609 Dativi
727 2583 818 2608 curn
864 2568 1069 2608 infinitivo
1114 2567 1217 2607 ratio
1263 2565 1410 2606 eadem
1457 2570 1519 2604 est
1560 2570 1687 2618 atque

236 2640 434 2694 genetivi.
495 2640 674 2693 primum
706 2639 929 2680 afferamus
960 2653 1007 2679 ea
1040 2637 1243 2692 exempla,
1273 2636 1343 2676 ubi
1375 2652 1398 2675 a
1419 2634 1547 2675 verbo
1568 2634 1684 2675 finito

328 2837 353 2881 ι)
379 2838 502 2870 Jahrb.
536 2838 557 2869 f.
591 2836 681 2869 Phil.
718 2848 751 2869 u.
782 2837 932 2879 Paedag.
966 2837 1084 2880 Suppl.
1119 2837 1169 2869 IX
1210 2848 1240 2879 p.
1276 2836 1371 2867 134:
1405 2835 1545 2875 Quaest.
1578 2833 1687 2864 IIoro-

239 2896 307 2927 dot.
334 2906 364 2937 p.
392 2897 420 2925 7.
