2055 3387
1076 396 1103 436 4

358 540 442 566 ‘non
469 524 590 566 modo
629 541 712 566 ozon
749 527 938 568 sinebant
979 543 1045 569 eos
1083 544 1167 570 sese
1187 545 1352 585 parare
1379 530 1440 571 ud
1457 547 1651 588 puynam
1679 549 1809 575 nava-

359 595 434 636 lem
465 597 809 648 committendam,
841 598 914 640 sed
946 600 1111 641 omnino
1140 616 1190 642 ne
1218 618 1368 643 manus
1388 602 1554 658 quidem
1574 603 1647 657 (ad
1667 604 1810 646 hostes

359 668 630 722 coercendos)
661 669 812 710 tollere.

476 754 554 781 nec
595 741 731 781 minus
772 743 976 783 memoria
1019 743 1172 797 dignus
1225 750 1287 785 est
1325 745 1554 786 infinitivus
1595 746 1809 789 absolutus

356 807 437 866 τὴν
465 808 647 867 πρώτην
677 810 809 866 εἶναι,
856 814 924 868 qui
962 813 1117 868 legitur
1156 814 1177 854 I
1212 816 1287 857 153
1325 808 1547 870 ἀπήλαυνε
1589 810 1723 867 αι”τός
1766 818 1810 868 ἐς

359 876 617 937 Ἀγβάτανα,
661 880 856 938 Κροῖσόν
899 900 947 925 τε
991 879 1078 939 ἅμα
1109 878 1323 939 (ἷγόμενος
1351 888 1424 928 καὶ
1454 883 1559 937 τοὺς
1582 881 1731 938 ''lcovag
1761 889 1810 931 ἐν

357 947 504 995 οίδενὶ
544 950 663 1010 λόγῳ
704 951 1000 1010 ποιησάμενος
1038 952 1118 1011 τὴν
1156 953 1339 1012 πρώτην
1376 955 1498 1000 εἶναι.
1577 958 1756 1000 Kiihner
1774 962 1807 1013 l)

356 1032 485 1080 negat
513 1021 594 1081 τὴν
621 1022 805 1082 πρώτην
833 1025 944 1069 εἶναι
984 1029 1023 1067 in
1067 1043 1285 1069 numerum
1315 1029 1614 1070 infinitivorum
1646 1030 1809 1072 absolu-

355 1102 494 1137 torum
526 1111 616 1137 esse
646 1098 925 1152 referendum,
958 1114 1051 1139 cum
1082 1096 1192 1141 εἶναι
1213 1100 1442 1141 infinitivus
1463 1101 1694 1156 praedicati
1718 1102 1809 1143 vice

357 1174 519 1223 spectet
548 1168 601 1208 ad
624 1162 775 1218 Ἴωνας
805 1176 930 1224 atque
959 1171 1065 1211 sicut
1094 1171 1226 1211 verba
1265 1172 1507 1212 nominandi
1547 1172 1809 1213 abundanter

356 1239 408 1279 sit
424 1237 602 1279 additus.
651 1254 733 1294 qua
765 1241 806 1280 in
837 1255 880 1281 re
913 1255 1007 1281 cum
1040 1255 1088 1281 eo
1120 1241 1258 1282 facere
1289 1257 1372 1283 non
1394 1257 1577 1298 possum.
1614 1259 1706 1284 nam
1727 1240 1809 1299 τὴν

355 1306 540 1366 πρώτην
570 1307 680 1351 εἶναι
711 1310 859 1351 eodem
901 1312 990 1352 iure
1027 1326 1118 1353 esse
1148 1313 1399 1353 infinitivum
1428 1314 1662 1355 absolutum
1705 1322 1808 1371 puto

356 1395 438 1436 quo
479 1377 531 1423 τὸ
572 1378 750 1436 σύμπαν
789 1380 925 1433 εἶναι,
966 1398 1015 1423 ac
1056 1383 1293 1438 significare
1331 1385 1445 1440 fu'r’s
1486 1386 1631 1440 Eme,
1666 1387 1807 1442 primo

354 1451 531 1506 quidem.

464 1523 545 1564 alia
587 1523 768 1564 formula
811 1530 873 1565 est
915 1521 1029 1566 ἑκὼν
1072 1525 1139 1566 vel
1170 1522 1319 1576 ἐκόυες
1349 1525 1483 1578 εἶναι,
1530 1541 1637 1582 quae
1678 1527 1805 1582 vulgo

354 1599 580 1649 usurpatur
609 1595 649 1634 in
680 1595 905 1636 enuntiatis
935 1596 1140 1651 negativis
1156 1597 1204 1650 2).
1265 1603 1389 1653 atque
1410 1598 1521 1654 apud
1541 1597 1806 1639 Herodotum

355 1670 491 1705 exstat
519 1665 561 1704 in
582 1671 780 1720 quattuor
802 1667 1023 1707 enuntiatis
1045 1668 1264 1722 negativiS‚
1294 1669 1352 1708 ita
1382 1669 1551 1723 quidem
1573 1675 1619 1710 ut
1638 1669 1805 1723 negatio

353 1735 485 1776 tribus
507 1736 606 1776 loeis
632 1736 876 1778 antecedat:
907 1736 1020 1778 VIII
1049 1738 1114 1779 30.
1151 1739 1240 1778 116.
1285 1738 1353 1779 XI
1382 1739 1447 1792 53,
1475 1754 1559 1780 uno
1577 1747 1804 1795 sequatur:

354 1806 441 1846 VII
461 1807 539 1847 104
555 1803 669 1848 {miv
689 1823 736 1849 τε
758 1805 868 1849 εἶναι
890 1800 982 1849 oid’
1003 1802 1058 1849 ἂν
1076 1809 1433 1863 μουνομαχέοιμι.
1466 1808 1538 1850 sed
1558 1824 1639 1850 uno
1658 1810 1805 1851 saltem

354 1878 443 1918 loeo
473 1879 642 1932 negatio
675 1878 791 1920 deest
819 1894 827 1918 :
862 1878 947 1920 VII
980 1879 1059 1920 164
1087 1875 1202 1921 ἑκών
1230 1896 1277 1921 τε
1309 1877 1420 1922 εἶναι
1449 1882 1522 1922 καὶ
1543 1881 1692 1922 δεινοῦ
1712 1881 1803 1923 ἐπι-

353 1944 484 1998 όντος
528 1942 730 2000 οὖὸευός,
771 1943 881 1991 ἀλλὰ
917 1943 1007 1991 cin&
1052 1947 1328 2006 dzzcuomhvyg
1372 1951 1416 2001 ἐς
1455 1953 1590 2006 μέσον
1636 1949 1804 2008 Κῴοισι

351 2022 565 2069 καταθεὶς
592 2016 673 2076 τὴν
702 2014 838 2076 ιῖρχῇν
868 2020 1014 2075 οἴχετο
1045 2021 1089 2071 ἐς
1118 2023 1338 2077 Σικελίην.

463 2094 488 2144 ξ
517 2093 557 2133 4.
614 2091 742 2132 Haud
772 2093 901 2133 multo
930 2093 1061 2133 rarius
1092 2107 1216 2148 quam
1247 2095 1335 2134 sine
1366 2087 1425 2144 ὡς
1452 2095 1657 2149 particula
1678 2095 1804 2136 etiam

354 2177 447 2203 cum
478 2156 537 2211 (ὃς
566 2163 771 2218 particula
800 2163 1033 2204 infinitivus
1071 2164 1286 2204 absolutus
1326 2165 1546 2206 invenitur.
1614 2161 1672 2214 ὡς
1707 2164 1803 2220 ἐμοὶ

352 2235 546 2276 δοκέειυε
578 2234 601 2275 Ι
633 2235 723 2275 131.
769 2234 816 2276 II
849 2235 937 2276 124.
982 2234 1045 2275 IV
1074 2236 1139 2277 87.
1172 2236 1262 2277 167.
1309 2235 1347 2276 V
1376 2236 1441 2278 58.
1490 2236 1552 2277 VI
1581 2237 1646 2278 95.
1693 2236 1804 2278 VIII

352 2306 417 2348 30.
448 2307 512 2347 66.
546 2306 635 2347 113.

461 2376 642 2417 formula
672 2370 730 2426 (ὃς
760 2376 945 2430 εἰπεῖν3)
977 2379 1169 2433 quamvis
1201 2393 1326 2434 saepe
1357 2380 1468 2435 apud
1503 2380 1604 2420 alios
1631 2380 1802 2436 scripto-

350 2462 416 2489 res
449 2453 652 2500 oeeurrat,
684 2448 796 2503 apud
816 2448 1084 2490 Herodotum
1115 2463 1198 2490 non
1229 2450 1441 2491 invenitur
1471 2451 1550 2491 nisi
1581 2450 1691 2491 VIII
1728 2451 1803 2492 115

445 2650 469 2694 ¹)
495 2652 553 2684 Gr.
580 2652 638 2684 Gr.
664 2653 683 2691 ξ
709 2653 785 2692 479,
811 2655 841 2684 4.

441 2706 469 2751 ²)
496 2709 540 2739 cf.
565 2709 684 2740 Herm.
721 2709 765 2740 ad
800 2708 878 2750 Vig.
912 2720 944 2751 p.
971 2712 1035 2742 888
1061 2721 1130 2753 sq.,
1156 2711 1284 2753 Opuse.
1308 2712 1324 2742 Ι
1350 2722 1380 2753 p.
1407 2714 1470 2742 227
1497 2721 1563 2751 sq.,
1588 2711 1731 2743 Lobeek
1757 2712 1800 2744 ad

350 2765 481 2806 Phryn.
509 2768 573 2796 274
598 2776 647 2806 sq.

441 2821 468 2863 ³)
495 2823 547 2853 De
578 2832 645 2853 usu
682 2822 851 2854 formulae
885 2820 934 2863 ὡς
969 2822 1092 2858 εἰπεῖν
1128 2824 1219 2866 apud
1256 2824 1479 2856 Aristotelem
1516 2825 1559 2856 cf.
1593 2825 1716 2857 Jahrb.
1744 2826 1800 2857 fiir

350 2878 474 2909 Philol.
500 2890 533 2910 u.
560 2878 662 2909 Paed.
690 2880 742 2919 99,
768 2889 798 2920 p.
826 2881 1015 2911 817—820.
