<?xml version="1.0" encoding="UTF-8"?>
<!DOCTYPE html PUBLIC "-//W3C//DTD XHTML 1.0 Transitional//EN"
    "http://www.w3.org/TR/xhtml1/DTD/xhtml1-transitional.dtd">
<html xmlns="http://www.w3.org/1999/xhtml" xml:lang="en" lang="en">
 <head>
  <title>
</title>
<meta http-equiv="Content-Type" content="text/html;charset=utf-8" />
  <meta name='ocr-system' content='tesseract 3.04.00' />
  <meta name='ocr-capabilities' content='ocr_page ocr_carea ocr_par ocr_line ocrx_word'/>
</head>
<body>
  <div class='ocr_page' id='page_1' title='image "./deinfinitivisynt00heiluoft_0015.png"; bbox 0 0 2055 3387; ppageno 0'>
   <div class='ocr_carea' id='block_1_1' title="bbox 957 371 985 411">
    <p class='ocr_par' dir='ltr' id='par_1_1' title="bbox 957 371 985 411">
     <span class='ocr_line' id='line_1_1' title="bbox 957 371 985 411; baseline 0 0"><span class='ocrx_word' id='word_1_1' title='bbox 957 371 985 411; x_wconf 74' lang='grc' dir='ltr'>ὃ</span> 
     </span>
    </p>
   </div>
   <div class='ocr_carea' id='block_1_2' title="bbox 240 497 1722 1767">
    <p class='ocr_par' dir='ltr' id='par_1_2' title="bbox 240 497 1692 987">
     <span class='ocr_line' id='line_1_2' title="bbox 244 497 1692 558; baseline 0.001 -12"><span class='ocrx_word' id='word_1_2' title='bbox 244 497 501 546; x_wconf 70' lang='grc' dir='ltr'><em>ἀπικνέεται</em></span> <span class='ocrx_word' id='word_1_3' title='bbox 530 502 574 552; x_wconf 77' lang='grc' dir='ltr'>ἐς</span> <span class='ocrx_word' id='word_1_4' title='bbox 603 497 684 545; x_wconf 81' lang='grc' dir='ltr'>τὸν</span> <span class='ocrx_word' id='word_1_5' title='bbox 712 498 859 558; x_wconf 79' lang='grc' dir='ltr'><em>πόρον</em></span> <span class='ocrx_word' id='word_1_6' title='bbox 886 505 964 558; x_wconf 79' lang='grc' dir='ltr'>τῆς</span> <span class='ocrx_word' id='word_1_7' title='bbox 992 500 1216 556; x_wconf 76' lang='grc' dir='ltr'><em>διαβάσιος</em></span> <span class='ocrx_word' id='word_1_8' title='bbox 1257 504 1306 547; x_wconf 75' lang='grc' dir='ltr'>ἐν</span> <span class='ocrx_word' id='word_1_9' title='bbox 1333 505 1467 548; x_wconf 78' lang='grc' dir='ltr'><em>πέντε</em></span> <span class='ocrx_word' id='word_1_10' title='bbox 1497 506 1569 547; x_wconf 84' lang='grc' dir='ltr'>καὶ</span> <span class='ocrx_word' id='word_1_11' title='bbox 1598 519 1692 549; x_wconf 87' lang='grc' dir='ltr'><em>τεσ-</em></span> 
     </span>
     <span class='ocr_line' id='line_1_3' title="bbox 244 567 1692 632; baseline 0.001 -15"><span class='ocrx_word' id='word_1_12' title='bbox 244 571 494 630; x_wconf 77' lang='grc' dir='ltr'><em>σαράκοντα</em></span> <span class='ocrx_word' id='word_1_13' title='bbox 530 568 720 630; x_wconf 74' lang='grc' dir='ltr'>ἡμέρῃσι,</span> <span class='ocrx_word' id='word_1_14' title='bbox 761 567 948 629; x_wconf 73' lang='grc' dir='ltr'><em>ιῖπάγων</em></span> <span class='ocrx_word' id='word_1_15' title='bbox 976 577 1053 630; x_wconf 79' lang='grc' dir='ltr'>τῆς</span> <span class='ocrx_word' id='word_1_16' title='bbox 1082 579 1285 631; x_wconf 78' lang='grc' dir='ltr'><em>στρατιῆς</em></span> <span class='ocrx_word' id='word_1_17' title='bbox 1315 569 1444 618; x_wconf 66' lang='grc' dir='ltr'><em>οἰδὲν</em></span> <span class='ocrx_word' id='word_1_18' title='bbox 1471 577 1603 632; x_wconf 76' lang='grc' dir='ltr'><em>μέρος</em></span> <span class='ocrx_word' id='word_1_19' title='bbox 1633 571 1692 627; x_wconf 77' lang='grc' dir='ltr'>ὡς</span> 
     </span>
     <span class='ocr_line' id='line_1_4' title="bbox 241 641 1692 690; baseline 0.001 -1"><span class='ocrx_word' id='word_1_20' title='bbox 241 647 383 689; x_wconf 82' lang='grc' dir='ltr'><em>εἰπεῖν</em></span> <span class='ocrx_word' id='word_1_21' title='bbox 424 645 476 686; x_wconf 84' lang='lat' dir='ltr'>ad</span> <span class='ocrx_word' id='word_1_22' title='bbox 514 645 752 686; x_wconf 89' lang='lat' dir='ltr'>leniendam</span> <span class='ocrx_word' id='word_1_23' title='bbox 794 647 880 686; x_wconf 89' lang='lat' dir='ltr'>vim</span> <span class='ocrx_word' id='word_1_24' title='bbox 919 645 1253 688; x_wconf 86' lang='lat' dir='ltr'>antecedentium</span> <span class='ocrx_word' id='word_1_25' title='bbox 1297 647 1518 689; x_wconf 86' lang='lat' dir='ltr'>verborum</span> <span class='ocrx_word' id='word_1_26' title='bbox 1561 641 1692 690; x_wconf 72' lang='grc' dir='ltr'><em>οὗὸὲν</em></span> 
     </span>
     <span class='ocr_line' id='line_1_5' title="bbox 240 713 1691 775; baseline 0.001 -15"><span class='ocrx_word' id='word_1_27' title='bbox 240 719 371 773; x_wconf 74' lang='grc' dir='ltr'><em>μέρος</em></span> <span class='ocrx_word' id='word_1_28' title='bbox 414 718 548 759; x_wconf 75' lang='lat' dir='ltr'>utica</span> <span class='ocrx_word' id='word_1_29' title='bbox 578 717 729 759; x_wconf 75' lang='lat' dir='ltr'>dicam.</span> <span class='ocrx_word' id='word_1_30' title='bbox 812 718 978 773; x_wconf 84' lang='lat' dir='ltr'>saepius</span> <span class='ocrx_word' id='word_1_31' title='bbox 1016 718 1228 759; x_wconf 87' lang='lat' dir='ltr'>invenitur</span> <span class='ocrx_word' id='word_1_32' title='bbox 1267 718 1446 759; x_wconf 86' lang='lat' dir='ltr'>formula</span> <span class='ocrx_word' id='word_1_33' title='bbox 1485 713 1544 768; x_wconf 77' lang='grc' dir='ltr'>ὡς</span> <span class='ocrx_word' id='word_1_34' title='bbox 1572 715 1691 775; x_wconf 77' lang='grc' dir='ltr'><em>λόγῳ</em></span> 
     </span>
     <span class='ocr_line' id='line_1_6' title="bbox 242 782 1690 845; baseline -0.001 -13"><span class='ocrx_word' id='word_1_35' title='bbox 242 789 383 832; x_wconf 85' lang='grc' dir='ltr'><em>εἰπεῖν</em></span> <span class='ocrx_word' id='word_1_36' title='bbox 422 788 489 829; x_wconf 87' lang='lat' dir='ltr'>vel</span> <span class='ocrx_word' id='word_1_37' title='bbox 534 782 592 838; x_wconf 74' lang='grc' dir='ltr'>ὡς</span> <span class='ocrx_word' id='word_1_38' title='bbox 634 788 776 831; x_wconf 88' lang='grc' dir='ltr'><em>εἰπεῖν</em></span> <span class='ocrx_word' id='word_1_39' title='bbox 813 784 932 844; x_wconf 81' lang='grc' dir='ltr'><em>λόγῳ</em></span> <span class='ocrx_word' id='word_1_40' title='bbox 948 790 975 839; x_wconf 91' lang='grc'>1)</span> <span class='ocrx_word' id='word_1_41' title='bbox 1012 797 1057 830; x_wconf 76' lang='lat' dir='ltr'>ut</span> <span class='ocrx_word' id='word_1_42' title='bbox 1099 789 1272 845; x_wconf 65' lang='lat' dir='ltr'>vulgari</span> <span class='ocrx_word' id='word_1_43' title='bbox 1292 790 1512 844; x_wconf 72' lang='lat' dir='ltr'>proverbio</span> <span class='ocrx_word' id='word_1_44' title='bbox 1553 798 1651 831; x_wconf 77' lang='lat' dir='ltr'>utar</span> <span class='ocrx_word' id='word_1_45' title='bbox 1681 805 1690 830; x_wconf 72' lang='grc' dir='ltr'>ε</span> 
     </span>
     <span class='ocr_line' id='line_1_7' title="bbox 241 853 1690 915; baseline 0.001 -14"><span class='ocrx_word' id='word_1_46' title='bbox 241 859 287 901; x_wconf 93' lang='grc' dir='ltr'>ΙΙ</span> <span class='ocrx_word' id='word_1_47' title='bbox 318 860 369 901; x_wconf 79' lang='lat'>15</span> <span class='ocrx_word' id='word_1_48' title='bbox 397 856 450 902; x_wconf 90' lang='grc' dir='ltr'>τό</span> <span class='ocrx_word' id='word_1_49' title='bbox 479 875 527 914; x_wconf 88' lang='grc' dir='ltr'>γε</span> <span class='ocrx_word' id='word_1_50' title='bbox 557 860 696 901; x_wconf 78' lang='grc' dir='ltr'><em>Δέλτα</em></span> <span class='ocrx_word' id='word_1_51' title='bbox 722 884 765 890; x_wconf 90' lang='lat'><em>-</em></span> <span class='ocrx_word' id='word_1_52' title='bbox 800 859 965 902; x_wconf 78' lang='grc' dir='ltr'><em>ἐστί-</em></span> <span class='ocrx_word' id='word_1_53' title='bbox 993 861 1152 902; x_wconf 82' lang='grc' dir='ltr'><em>νεωστὶ</em></span> <span class='ocrx_word' id='word_1_54' title='bbox 1182 853 1241 909; x_wconf 77' lang='grc' dir='ltr'>ὡς</span> <span class='ocrx_word' id='word_1_55' title='bbox 1270 856 1389 915; x_wconf 79' lang='grc' dir='ltr'><em>λόγῳ</em></span> <span class='ocrx_word' id='word_1_56' title='bbox 1419 859 1561 903; x_wconf 83' lang='grc' dir='ltr'><em>εἰπεῖν</em></span> <span class='ocrx_word' id='word_1_57' title='bbox 1589 854 1690 903; x_wconf 75' lang='grc' dir='ltr'><em>α’να-</em></span> 
     </span>
     <span class='ocr_line' id='line_1_8' title="bbox 245 927 579 987; baseline -0.006 -13"><span class='ocrx_word' id='word_1_58' title='bbox 245 927 455 987; x_wconf 80' lang='grc' dir='ltr'><em>πεφηνός.</em></span> <span class='ocrx_word' id='word_1_59' title='bbox 513 931 579 972; x_wconf 82' lang='lat'>53.</span> 
     </span>
    </p>

    <p class='ocr_par' dir='ltr' id='par_1_3' title="bbox 241 995 1691 1339">
     <span class='ocr_line' id='line_1_9' title="bbox 351 995 1690 1058; baseline 0.001 -15"><span class='ocrx_word' id='word_1_60' title='bbox 351 1002 502 1058; x_wconf 89' lang='lat' dir='ltr'>quibus</span> <span class='ocrx_word' id='word_1_61' title='bbox 532 1001 724 1042; x_wconf 76' lang='lat' dir='ltr'>omnibus</span> <span class='ocrx_word' id='word_1_62' title='bbox 755 1001 958 1056; x_wconf 85' lang='lat' dir='ltr'>exemplis</span> <span class='ocrx_word' id='word_1_63' title='bbox 987 1000 1166 1042; x_wconf 81' lang='lat' dir='ltr'>formula</span> <span class='ocrx_word' id='word_1_64' title='bbox 1196 995 1255 1051; x_wconf 76' lang='grc' dir='ltr'>ὡς</span> <span class='ocrx_word' id='word_1_65' title='bbox 1285 1001 1426 1044; x_wconf 83' lang='grc' dir='ltr'><em>εἰπεῖν</em></span> <span class='ocrx_word' id='word_1_66' title='bbox 1454 998 1572 1058; x_wconf 77' lang='grc' dir='ltr'><em>λόγῳ</em></span> <span class='ocrx_word' id='word_1_67' title='bbox 1602 1003 1690 1044; x_wconf 85' lang='lat' dir='ltr'>sive</span> 
     </span>
     <span class='ocr_line' id='line_1_10' title="bbox 245 1067 1691 1128; baseline -0.001 -13"><span class='ocrx_word' id='word_1_68' title='bbox 245 1067 305 1123; x_wconf 73' lang='grc' dir='ltr'>ὡς</span> <span class='ocrx_word' id='word_1_69' title='bbox 333 1068 452 1128; x_wconf 79' lang='grc' dir='ltr'><em>λόγῳ</em></span> <span class='ocrx_word' id='word_1_70' title='bbox 484 1072 625 1114; x_wconf 86' lang='grc' dir='ltr'><em>εἰπεῖν</em></span> <span class='ocrx_word' id='word_1_71' title='bbox 653 1086 744 1112; x_wconf 88' lang='lat' dir='ltr'>eam</span> <span class='ocrx_word' id='word_1_72' title='bbox 776 1072 962 1126; x_wconf 83' lang='lat' dir='ltr'>sequitur</span> <span class='ocrx_word' id='word_1_73' title='bbox 993 1072 1226 1125; x_wconf 88' lang='lat' dir='ltr'>notionem,</span> <span class='ocrx_word' id='word_1_74' title='bbox 1257 1073 1373 1113; x_wconf 85' lang='lat' dir='ltr'>cuius</span> <span class='ocrx_word' id='word_1_75' title='bbox 1402 1073 1465 1113; x_wconf 86' lang='lat' dir='ltr'>vis</span> <span class='ocrx_word' id='word_1_76' title='bbox 1495 1073 1691 1128; x_wconf 82' lang='lat' dir='ltr'><strong>restringi</strong></span> 
     </span>
     <span class='ocr_line' id='line_1_11' title="bbox 243 1142 1689 1199; baseline 0.001 -14"><span class='ocrx_word' id='word_1_77' title='bbox 243 1143 379 1196; x_wconf 86' lang='lat' dir='ltr'>debet,</span> <span class='ocrx_word' id='word_1_78' title='bbox 425 1143 495 1184; x_wconf 84' lang='lat' dir='ltr'>sed</span> <span class='ocrx_word' id='word_1_79' title='bbox 541 1143 676 1196; x_wconf 84' lang='lat' dir='ltr'>magis</span> <span class='ocrx_word' id='word_1_80' title='bbox 720 1142 772 1184; x_wconf 88' lang='lat' dir='ltr'>ad</span> <span class='ocrx_word' id='word_1_81' title='bbox 816 1148 949 1183; x_wconf 86' lang='lat' dir='ltr'>totum</span> <span class='ocrx_word' id='word_1_82' title='bbox 981 1143 1242 1184; x_wconf 84' lang='lat' dir='ltr'>enuntiatum</span> <span class='ocrx_word' id='word_1_83' title='bbox 1275 1149 1438 1199; x_wconf 85' lang='lat' dir='ltr'>spectat</span> <span class='ocrx_word' id='word_1_84' title='bbox 1466 1143 1533 1184; x_wconf 92' lang='grc' dir='ltr'>ΙΙΙ</span> <span class='ocrx_word' id='word_1_85' title='bbox 1564 1145 1589 1185; x_wconf 88' lang='grc'>6</span> <span class='ocrx_word' id='word_1_86' title='bbox 1617 1146 1689 1186; x_wconf 86' lang='grc' dir='ltr'>καὶ</span> 
     </span>
     <span class='ocr_line' id='line_1_12' title="bbox 245 1207 1690 1271; baseline -0.001 -13"><span class='ocrx_word' id='word_1_87' title='bbox 245 1214 294 1258; x_wconf 79' lang='grc' dir='ltr'>ἓν</span> <span class='ocrx_word' id='word_1_88' title='bbox 333 1210 546 1270; x_wconf 77' lang='grc' dir='ltr'>κεράμιον</span> <span class='ocrx_word' id='word_1_89' title='bbox 590 1209 771 1269; x_wconf 79' lang='grc' dir='ltr'><em>οἰνηρὸν</em></span> <span class='ocrx_word' id='word_1_90' title='bbox 814 1207 991 1269; x_wconf 71' lang='grc' dir='ltr'>ἀριθμῷ</span> <span class='ocrx_word' id='word_1_91' title='bbox 1033 1209 1183 1256; x_wconf 83' lang='grc' dir='ltr'><em>κεινὸν</em></span> <span class='ocrx_word' id='word_1_92' title='bbox 1225 1207 1306 1257; x_wconf 67' lang='grc' dir='ltr'>οὐκ</span> <span class='ocrx_word' id='word_1_93' title='bbox 1350 1213 1440 1257; x_wconf 72' lang='grc' dir='ltr'><em>ἔστι</em></span> <span class='ocrx_word' id='word_1_94' title='bbox 1484 1209 1542 1264; x_wconf 78' lang='grc' dir='ltr'>ὡς</span> <span class='ocrx_word' id='word_1_95' title='bbox 1571 1211 1690 1271; x_wconf 78' lang='grc' dir='ltr'><em>λόγῳ</em></span> 
     </span>
     <span class='ocr_line' id='line_1_13' title="bbox 241 1284 643 1339; baseline -0.012 -10"><span class='ocrx_word' id='word_1_96' title='bbox 241 1286 382 1329; x_wconf 85' lang='grc' dir='ltr'><em>εἰπεῖν</em></span> <span class='ocrx_word' id='word_1_97' title='bbox 411 1285 584 1327; x_wconf 78' lang='grc' dir='ltr'><em>ἰδέσθαι</em></span> <span class='ocrx_word' id='word_1_98' title='bbox 596 1284 643 1339; x_wconf 85' lang='grc'>2).</span> 
     </span>
    </p>

    <p class='ocr_par' dir='ltr' id='par_1_4' title="bbox 240 1351 1722 1767">
     <span class='ocr_line' id='line_1_14' title="bbox 350 1351 1722 1412; baseline 0.001 -14"><span class='ocrx_word' id='word_1_99' title='bbox 350 1362 555 1410; x_wconf 80' lang='lat' dir='ltr'>cognatae</span> <span class='ocrx_word' id='word_1_100' title='bbox 586 1370 678 1397; x_wconf 88' lang='lat' dir='ltr'>cum</span> <span class='ocrx_word' id='word_1_101' title='bbox 709 1355 822 1396; x_wconf 86' lang='lat' dir='ltr'>hisce</span> <span class='ocrx_word' id='word_1_102' title='bbox 853 1356 1043 1396; x_wconf 86' lang='lat' dir='ltr'>formulis</span> <span class='ocrx_word' id='word_1_103' title='bbox 1074 1361 1170 1397; x_wconf 84' lang='lat' dir='ltr'>sunt</span> <span class='ocrx_word' id='word_1_104' title='bbox 1197 1356 1277 1398; x_wconf 86' lang='lat' dir='ltr'>hae</span> <span class='ocrx_word' id='word_1_105' title='bbox 1308 1371 1317 1397; x_wconf 75' lang='grc' dir='ltr'><strong><em>ε</em></strong></span> <span class='ocrx_word' id='word_1_106' title='bbox 1348 1351 1408 1406; x_wconf 69' lang='grc' dir='ltr'>ὡς</span> <span class='ocrx_word' id='word_1_107' title='bbox 1434 1357 1515 1412; x_wconf 79' lang='grc' dir='ltr'>μέν</span> <span class='ocrx_word' id='word_1_108' title='bbox 1542 1372 1622 1399; x_wconf 85' lang='grc' dir='ltr'>νυν</span> <span class='ocrx_word' id='word_1_109' title='bbox 1643 1356 1691 1399; x_wconf 80' lang='grc' dir='ltr'>ἓν</span> <span class='ocrx_word' id='word_1_110' title='bbox 1720 1358 1722 1360; x_wconf 71' lang='grc'><strong>’</strong></span> 
     </span>
     <span class='ocr_line' id='line_1_15' title="bbox 241 1421 1691 1483; baseline 0 -13"><span class='ocrx_word' id='word_1_111' title='bbox 241 1427 455 1482; x_wconf 75' lang='grc' dir='ltr'><em>ἐλαχίστῳ</em></span> <span class='ocrx_word' id='word_1_112' title='bbox 482 1427 673 1482; x_wconf 74' lang='grc' dir='ltr'><em>δηλῶσαι</em></span> <span class='ocrx_word' id='word_1_113' title='bbox 702 1426 747 1467; x_wconf 94' lang='grc' dir='ltr'>ΙΙ</span> <span class='ocrx_word' id='word_1_114' title='bbox 775 1427 829 1468; x_wconf 81' lang='grc'>24</span> <span class='ocrx_word' id='word_1_115' title='bbox 858 1432 899 1467; x_wconf 90' lang='lat' dir='ltr'>et</span> <span class='ocrx_word' id='word_1_116' title='bbox 926 1421 985 1476; x_wconf 77' lang='grc' dir='ltr'>ὡς</span> <span class='ocrx_word' id='word_1_117' title='bbox 1015 1426 1060 1468; x_wconf 76' lang='grc' dir='ltr'>δὲ</span> <span class='ocrx_word' id='word_1_118' title='bbox 1091 1426 1139 1469; x_wconf 79' lang='grc' dir='ltr'>ἐν</span> <span class='ocrx_word' id='word_1_119' title='bbox 1167 1428 1323 1469; x_wconf 75' lang='grc' dir='ltr'><em>πλέονι</em></span> <span class='ocrx_word' id='word_1_120' title='bbox 1352 1424 1471 1483; x_wconf 77' lang='grc' dir='ltr'><em>λόγῳ</em></span> <span class='ocrx_word' id='word_1_121' title='bbox 1501 1429 1691 1483; x_wconf 77' lang='grc' dir='ltr'><em>δηλῶσαι</em></span> 
     </span>
     <span class='ocr_line' id='line_1_16' title="bbox 242 1493 1690 1554; baseline 0.001 -15"><span class='ocrx_word' id='word_1_122' title='bbox 242 1498 287 1539; x_wconf 91' lang='lat' dir='ltr'>II</span> <span class='ocrx_word' id='word_1_123' title='bbox 315 1500 382 1541; x_wconf 82' lang='lat'>25.</span> <span class='ocrx_word' id='word_1_124' title='bbox 450 1504 671 1554; x_wconf 87' lang='lat' dir='ltr'>praeterea</span> <span class='ocrx_word' id='word_1_125' title='bbox 706 1498 898 1538; x_wconf 86' lang='lat' dir='ltr'>infinitivi</span> <span class='ocrx_word' id='word_1_126' title='bbox 940 1494 1108 1541; x_wconf 76' lang='grc' dir='ltr'><em>εἰκάσαι</em></span> <span class='ocrx_word' id='word_1_127' title='bbox 1149 1504 1191 1539; x_wconf 84' lang='lat' dir='ltr'>et</span> <span class='ocrx_word' id='word_1_128' title='bbox 1232 1495 1459 1542; x_wconf 75' lang='grc' dir='ltr'><em>ἐπεικάσαι</em></span> <span class='ocrx_word' id='word_1_129' title='bbox 1499 1514 1591 1540; x_wconf 85' lang='lat' dir='ltr'>cum</span> <span class='ocrx_word' id='word_1_130' title='bbox 1631 1493 1690 1549; x_wconf 77' lang='grc' dir='ltr'>ὡς</span> 
     </span>
     <span class='ocr_line' id='line_1_17' title="bbox 240 1568 1683 1626; baseline 0.001 -15"><span class='ocrx_word' id='word_1_131' title='bbox 240 1569 446 1626; x_wconf 86' lang='lat' dir='ltr'>particula</span> <span class='ocrx_word' id='word_1_132' title='bbox 503 1569 708 1610; x_wconf 81' lang='lat' dir='ltr'>coniuncti</span> <span class='ocrx_word' id='word_1_133' title='bbox 767 1569 955 1610; x_wconf 86' lang='lat' dir='ltr'>absolute</span> <span class='ocrx_word' id='word_1_134' title='bbox 999 1575 1289 1625; x_wconf 83' lang='lat' dir='ltr'><strong>usurpantur:</strong></span> <span class='ocrx_word' id='word_1_135' title='bbox 1334 1570 1355 1611; x_wconf 92' lang='lat' dir='ltr'>I</span> <span class='ocrx_word' id='word_1_136' title='bbox 1384 1571 1437 1612; x_wconf 84' lang='lat'>34</span> <span class='ocrx_word' id='word_1_137' title='bbox 1481 1568 1607 1623; x_wconf 74' lang='grc' dir='ltr'><em>ἔλαβε</em></span> <span class='ocrx_word' id='word_1_138' title='bbox 1640 1595 1683 1600; x_wconf 92' lang='grc'><strong>-</strong></span> 
     </span>
     <span class='ocr_line' id='line_1_18' title="bbox 240 1633 1690 1696; baseline -0.001 -12"><span class='ocrx_word' id='word_1_139' title='bbox 240 1642 409 1696; x_wconf 71' lang='grc' dir='ltr'><em>νέμεσις</em></span> <span class='ocrx_word' id='word_1_140' title='bbox 449 1636 612 1695; x_wconf 78' lang='grc' dir='ltr'><em>μεγάλη</em></span> <span class='ocrx_word' id='word_1_141' title='bbox 651 1643 865 1694; x_wconf 74' lang='grc' dir='ltr'><em>Κροῖσον,</em></span> <span class='ocrx_word' id='word_1_142' title='bbox 909 1633 968 1689; x_wconf 74' lang='grc' dir='ltr'>ὡς</span> <span class='ocrx_word' id='word_1_143' title='bbox 1007 1636 1187 1691; x_wconf 77' lang='grc' dir='ltr'><em>εἰκάσαι,</em></span> <span class='ocrx_word' id='word_1_144' title='bbox 1218 1635 1287 1682; x_wconf 81' lang='grc' dir='ltr'>ὅτι</span> <span class='ocrx_word' id='word_1_145' title='bbox 1317 1637 1489 1695; x_wconf 77' lang='grc' dir='ltr'><em>ἐνόμισε</em></span> <span class='ocrx_word' id='word_1_146' title='bbox 1520 1637 1690 1684; x_wconf 74' lang='grc' dir='ltr'><em>ἑωυτὸν</em></span> 
     </span>
     <span class='ocr_line' id='line_1_19' title="bbox 241 1704 1689 1767; baseline -0.001 -13"><span class='ocrx_word' id='word_1_147' title='bbox 241 1711 353 1755; x_wconf 79' lang='grc' dir='ltr'><em>εἶναι</em></span> <span class='ocrx_word' id='word_1_148' title='bbox 392 1707 651 1767; x_wconf 73' lang='grc' dir='ltr'><em>ἀνθρώπων</em></span> <span class='ocrx_word' id='word_1_149' title='bbox 690 1705 902 1753; x_wconf 79' lang='grc' dir='ltr'><em>ἁπάντων</em></span> <span class='ocrx_word' id='word_1_150' title='bbox 942 1704 1228 1763; x_wconf 76' lang='grc' dir='ltr'><em>ὀλβιώτατον.</em></span> <span class='ocrx_word' id='word_1_151' title='bbox 1303 1726 1450 1753; x_wconf 81' lang='lat' dir='ltr'>sensus</span> <span class='ocrx_word' id='word_1_152' title='bbox 1484 1712 1689 1754; x_wconf 85' lang='lat' dir='ltr'>formulae</span> 
     </span>
    </p>
   </div>
   <div class='ocr_carea' id='block_1_3' title="bbox 239 1898 1691 2904">
    <p class='ocr_par' dir='ltr' id='par_1_5' title="bbox 239 1898 1691 2735">
     <span class='ocr_line' id='line_1_20' title="bbox 333 1898 1691 1942; baseline 0.001 -11"><span class='ocrx_word' id='word_1_153' title='bbox 333 1899 358 1942; x_wconf 86' lang='lat'>¹)</span> <span class='ocrx_word' id='word_1_154' title='bbox 384 1899 593 1931; x_wconf 77' lang='lat' dir='ltr'>Doederlein</span> <span class='ocrx_word' id='word_1_155' title='bbox 631 1898 681 1940; x_wconf 88' lang='lat' dir='ltr'>(in</span> <span class='ocrx_word' id='word_1_156' title='bbox 718 1898 1011 1931; x_wconf 78' lang='lat' dir='ltr'>commentatione</span> <span class='ocrx_word' id='word_1_157' title='bbox 1043 1899 1084 1930; x_wconf 89' lang='lat' dir='ltr'>de</span> <span class='ocrx_word' id='word_1_158' title='bbox 1116 1899 1346 1942; x_wconf 81' lang='lat' dir='ltr'>brachylogia</span> <span class='ocrx_word' id='word_1_159' title='bbox 1376 1910 1522 1932; x_wconf 88' lang='lat' dir='ltr'>sermon.</span> <span class='ocrx_word' id='word_1_160' title='bbox 1572 1902 1629 1933; x_wconf 87' lang='lat' dir='ltr'>Gr.</span> <span class='ocrx_word' id='word_1_161' title='bbox 1657 1905 1691 1933; x_wconf 86' lang='lat' dir='ltr'>et</span> 
     </span>
     <span class='ocr_line' id='line_1_21' title="bbox 239 1952 1689 2000; baseline 0.001 -11"><span class='ocrx_word' id='word_1_162' title='bbox 239 1958 315 1989; x_wconf 86' lang='lat' dir='ltr'>Lat.</span> <span class='ocrx_word' id='word_1_163' title='bbox 340 1956 481 1998; x_wconf 86' lang='lat' dir='ltr'>Erlang.</span> <span class='ocrx_word' id='word_1_164' title='bbox 499 1958 595 1996; x_wconf 88' lang='lat'>1831,</span> <span class='ocrx_word' id='word_1_165' title='bbox 620 1966 651 1998; x_wconf 87' lang='lat' dir='ltr'>p.</span> <span class='ocrx_word' id='word_1_166' title='bbox 670 1956 724 1997; x_wconf 87' lang='lat'>13)</span> <span class='ocrx_word' id='word_1_167' title='bbox 740 1956 775 1987; x_wconf 88' lang='lat' dir='ltr'>in</span> <span class='ocrx_word' id='word_1_168' title='bbox 800 1956 951 1987; x_wconf 81' lang='lat' dir='ltr'>formula</span> <span class='ocrx_word' id='word_1_169' title='bbox 975 1952 1024 1996; x_wconf 78' lang='grc' dir='ltr'>ὡς</span> <span class='ocrx_word' id='word_1_170' title='bbox 1049 1953 1172 1989; x_wconf 81' lang='grc' dir='ltr'><em>εἰπεῖν</em></span> <span class='ocrx_word' id='word_1_171' title='bbox 1198 1956 1271 1987; x_wconf 88' lang='lat' dir='ltr'>sive</span> <span class='ocrx_word' id='word_1_172' title='bbox 1297 1954 1345 1997; x_wconf 82' lang='grc' dir='ltr'>ὡς</span> <span class='ocrx_word' id='word_1_173' title='bbox 1370 1952 1475 1991; x_wconf 78' lang='grc' dir='ltr'><em>εἶπαι</em></span> <span class='ocrx_word' id='word_1_174' title='bbox 1494 1957 1633 2000; x_wconf 82' lang='lat' dir='ltr'>ellipsin</span> <span class='ocrx_word' id='word_1_175' title='bbox 1647 1969 1689 1990; x_wconf 84' lang='lat' dir='ltr'>ex</span> 
     </span>
     <span class='ocr_line' id='line_1_22' title="bbox 242 2012 1690 2055; baseline 0 -9"><span class='ocrx_word' id='word_1_176' title='bbox 242 2014 474 2055; x_wconf 82' lang='lat' dir='ltr'>brachylogia</span> <span class='ocrx_word' id='word_1_177' title='bbox 498 2017 616 2044; x_wconf 85' lang='lat' dir='ltr'>natam</span> <span class='ocrx_word' id='word_1_178' title='bbox 641 2012 784 2053; x_wconf 78' lang='lat' dir='ltr'>statuit,</span> <span class='ocrx_word' id='word_1_179' title='bbox 811 2023 915 2053; x_wconf 83' lang='lat' dir='ltr'>quam</span> <span class='ocrx_word' id='word_1_180' title='bbox 940 2012 983 2044; x_wconf 86' lang='lat' dir='ltr'>ab</span> <span class='ocrx_word' id='word_1_181' title='bbox 1008 2012 1184 2043; x_wconf 78' lang='lat' dir='ltr'>Herodoto</span> <span class='ocrx_word' id='word_1_182' title='bbox 1209 2012 1292 2043; x_wconf 79' lang='lat' dir='ltr'>Vm</span> <span class='ocrx_word' id='word_1_183' title='bbox 1320 2014 1383 2044; x_wconf 85' lang='lat'>115</span> <span class='ocrx_word' id='word_1_184' title='bbox 1409 2014 1610 2055; x_wconf 81' lang='lat' dir='ltr'>exceperint</span> <span class='ocrx_word' id='word_1_185' title='bbox 1632 2026 1690 2046; x_wconf 85' lang='lat' dir='ltr'>ve-</span> 
     </span>
     <span class='ocr_line' id='line_1_23' title="bbox 239 2069 1688 2113; baseline 0 -11"><span class='ocrx_word' id='word_1_186' title='bbox 239 2075 331 2103; x_wconf 85' lang='lat' dir='ltr'>teres</span> <span class='ocrx_word' id='word_1_187' title='bbox 355 2071 475 2111; x_wconf 81' lang='lat' dir='ltr'>Attici,</span> <span class='ocrx_word' id='word_1_188' title='bbox 502 2070 661 2111; x_wconf 89' lang='lat' dir='ltr'>Thucyd.</span> <span class='ocrx_word' id='word_1_189' title='bbox 688 2070 704 2100; x_wconf 94' lang='lat' dir='ltr'>I</span> <span class='ocrx_word' id='word_1_190' title='bbox 724 2072 752 2101; x_wconf 89' lang='lat'>1.</span> <span class='ocrx_word' id='word_1_191' title='bbox 789 2070 822 2100; x_wconf 94' lang='lat' dir='ltr'>II</span> <span class='ocrx_word' id='word_1_192' title='bbox 840 2070 891 2100; x_wconf 82' lang='lat'>51.</span> <span class='ocrx_word' id='word_1_193' title='bbox 930 2070 981 2100; x_wconf 93' lang='lat' dir='ltr'>III</span> <span class='ocrx_word' id='word_1_194' title='bbox 1000 2071 1050 2100; x_wconf 58' lang='grc'>32</span> <span class='ocrx_word' id='word_1_195' title='bbox 1079 2071 1130 2101; x_wconf 88' lang='lat'>38.</span> <span class='ocrx_word' id='word_1_196' title='bbox 1168 2069 1216 2100; x_wconf 90' lang='lat' dir='ltr'>IV</span> <span class='ocrx_word' id='word_1_197' title='bbox 1243 2072 1294 2101; x_wconf 86' lang='lat'>14.</span> <span class='ocrx_word' id='word_1_198' title='bbox 1330 2070 1379 2101; x_wconf 92' lang='lat' dir='ltr'>VI</span> <span class='ocrx_word' id='word_1_199' title='bbox 1405 2072 1445 2102; x_wconf 92' lang='lat'>30</span> <span class='ocrx_word' id='word_1_200' title='bbox 1472 2074 1505 2102; x_wconf 88' lang='lat' dir='ltr'>et</span> <span class='ocrx_word' id='word_1_201' title='bbox 1529 2071 1688 2113; x_wconf 88' lang='lat' dir='ltr'>Xenoph.</span> 
     </span>
     <span class='ocr_line' id='line_1_24' title="bbox 239 2126 1690 2169; baseline -0.001 -10"><span class='ocrx_word' id='word_1_202' title='bbox 239 2128 331 2159; x_wconf 87' lang='lat' dir='ltr'>Hist.</span> <span class='ocrx_word' id='word_1_203' title='bbox 369 2128 427 2159; x_wconf 82' lang='lat' dir='ltr'>Gr.</span> <span class='ocrx_word' id='word_1_204' title='bbox 463 2127 529 2159; x_wconf 87' lang='lat' dir='ltr'>VH</span> <span class='ocrx_word' id='word_1_205' title='bbox 555 2130 592 2165; x_wconf 82' lang='lat'>2,</span> <span class='ocrx_word' id='word_1_206' title='bbox 621 2129 650 2157; x_wconf 79' lang='lat'>2.</span> <span class='ocrx_word' id='word_1_207' title='bbox 700 2127 828 2158; x_wconf 77' lang='lat' dir='ltr'>Oeeon.</span> <span class='ocrx_word' id='word_1_208' title='bbox 855 2127 906 2157; x_wconf 88' lang='lat' dir='ltr'>III</span> <span class='ocrx_word' id='word_1_209' title='bbox 932 2129 961 2157; x_wconf 88' lang='lat'>4.</span> <span class='ocrx_word' id='word_1_210' title='bbox 1010 2126 1078 2157; x_wconf 92' lang='lat' dir='ltr'>XII</span> <span class='ocrx_word' id='word_1_211' title='bbox 1103 2128 1132 2158; x_wconf 89' lang='lat'>8.</span> <span class='ocrx_word' id='word_1_212' title='bbox 1182 2126 1355 2168; x_wconf 85' lang='lat' dir='ltr'>integram</span> <span class='ocrx_word' id='word_1_213' title='bbox 1391 2127 1604 2159; x_wconf 87' lang='lat' dir='ltr'>locutionem</span> <span class='ocrx_word' id='word_1_214' title='bbox 1641 2126 1690 2169; x_wconf 78' lang='grc' dir='ltr'>ὡς</span> 
     </span>
     <span class='ocr_line' id='line_1_25' title="bbox 241 2180 1688 2225; baseline -0.002 -6"><span class='ocrx_word' id='word_1_215' title='bbox 241 2182 364 2218; x_wconf 78' lang='grc' dir='ltr'><em>εἰπεῖν</em></span> <span class='ocrx_word' id='word_1_216' title='bbox 389 2180 480 2224; x_wconf 67' lang='grc' dir='ltr'><em>ἔπος</em></span> <span class='ocrx_word' id='word_1_217' title='bbox 503 2183 657 2225; x_wconf 82' lang='lat' dir='ltr'>tragicos</span> <span class='ocrx_word' id='word_1_218' title='bbox 682 2187 722 2214; x_wconf 91' lang='lat' dir='ltr'>ut</span> <span class='ocrx_word' id='word_1_219' title='bbox 746 2183 937 2224; x_wconf 81' lang='lat' dir='ltr'>pleniorem</span> <span class='ocrx_word' id='word_1_220' title='bbox 971 2183 1194 2224; x_wconf 85' lang='lat' dir='ltr'>praetulisse,</span> <span class='ocrx_word' id='word_1_221' title='bbox 1229 2188 1269 2214; x_wconf 91' lang='lat' dir='ltr'>ut</span> <span class='ocrx_word' id='word_1_222' title='bbox 1301 2184 1466 2225; x_wconf 87' lang='lat' dir='ltr'>Aeschyl.</span> <span class='ocrx_word' id='word_1_223' title='bbox 1492 2184 1584 2215; x_wconf 89' lang='lat' dir='ltr'>Pers.</span> <span class='ocrx_word' id='word_1_224' title='bbox 1613 2187 1688 2217; x_wconf 86' lang='lat'><strong>720.</strong></span> 
     </span>
     <span class='ocr_line' id='line_1_26' title="bbox 239 2239 1689 2282; baseline 0.001 -11"><span class='ocrx_word' id='word_1_225' title='bbox 239 2241 320 2272; x_wconf 88' lang='lat' dir='ltr'>Eur.</span> <span class='ocrx_word' id='word_1_226' title='bbox 346 2240 449 2282; x_wconf 92' lang='lat' dir='ltr'>Hipp.</span> <span class='ocrx_word' id='word_1_227' title='bbox 478 2241 561 2271; x_wconf 84' lang='lat'>1157</span> <span class='ocrx_word' id='word_1_228' title='bbox 596 2250 723 2281; x_wconf 89' lang='lat' dir='ltr'>eosque</span> <span class='ocrx_word' id='word_1_229' title='bbox 759 2243 897 2271; x_wconf 84' lang='lat' dir='ltr'>secutos</span> <span class='ocrx_word' id='word_1_230' title='bbox 929 2250 1003 2271; x_wconf 85' lang='lat' dir='ltr'>esse</span> <span class='ocrx_word' id='word_1_231' title='bbox 1033 2239 1304 2271; x_wconf 80' lang='lat' dir='ltr'>Demosthenem</span> <span class='ocrx_word' id='word_1_232' title='bbox 1337 2244 1372 2272; x_wconf 87' lang='lat' dir='ltr'>et</span> <span class='ocrx_word' id='word_1_233' title='bbox 1396 2240 1596 2281; x_wconf 85' lang='lat' dir='ltr'>Platonem,</span> <span class='ocrx_word' id='word_1_234' title='bbox 1621 2241 1689 2272; x_wconf 88' lang='lat' dir='ltr'>nisi</span> 
     </span>
     <span class='ocr_line' id='line_1_27' title="bbox 241 2296 1686 2339; baseline 0.001 -11"><span class='ocrx_word' id='word_1_235' title='bbox 241 2297 333 2338; x_wconf 88' lang='lat' dir='ltr'>quod</span> <span class='ocrx_word' id='word_1_236' title='bbox 358 2307 400 2328; x_wconf 90' lang='lat' dir='ltr'>ne</span> <span class='ocrx_word' id='word_1_237' title='bbox 426 2297 463 2328; x_wconf 90' lang='lat' dir='ltr'>hi</span> <span class='ocrx_word' id='word_1_238' title='bbox 488 2296 628 2337; x_wconf 87' lang='lat' dir='ltr'>quidem</span> <span class='ocrx_word' id='word_1_239' title='bbox 652 2296 846 2328; x_wconf 84' lang='lat' dir='ltr'>breviorem</span> <span class='ocrx_word' id='word_1_240' title='bbox 865 2296 1050 2328; x_wconf 82' lang='lat' dir='ltr'>formulam</span> <span class='ocrx_word' id='word_1_241' title='bbox 1068 2296 1243 2338; x_wconf 84' lang='lat' dir='ltr'>aspernati</span> <span class='ocrx_word' id='word_1_242' title='bbox 1260 2297 1343 2336; x_wconf 83' lang='lat' dir='ltr'>sint;</span> <span class='ocrx_word' id='word_1_243' title='bbox 1372 2298 1415 2328; x_wconf 88' lang='lat' dir='ltr'>cf.</span> <span class='ocrx_word' id='word_1_244' title='bbox 1433 2297 1532 2328; x_wconf 89' lang='lat' dir='ltr'>Dem.</span> <span class='ocrx_word' id='word_1_245' title='bbox 1550 2297 1686 2339; x_wconf 85' lang='lat' dir='ltr'>Leptin.</span> 
     </span>
     <span class='ocr_line' id='line_1_28' title="bbox 240 2349 1686 2396; baseline 0.001 -11"><span class='ocrx_word' id='word_1_246' title='bbox 240 2365 272 2396; x_wconf 86' lang='lat' dir='ltr'>p.</span> <span class='ocrx_word' id='word_1_247' title='bbox 299 2355 374 2394; x_wconf 86' lang='lat'>499,</span> <span class='ocrx_word' id='word_1_248' title='bbox 396 2356 443 2386; x_wconf 66' lang='lat'>20</span> <span class='ocrx_word' id='word_1_249' title='bbox 468 2354 507 2394; x_wconf 83' lang='lat' dir='ltr'>R,</span> <span class='ocrx_word' id='word_1_250' title='bbox 532 2354 595 2385; x_wconf 88' lang='lat' dir='ltr'>ubi</span> <span class='ocrx_word' id='word_1_251' title='bbox 618 2364 710 2385; x_wconf 87' lang='lat' dir='ltr'>unus</span> <span class='ocrx_word' id='word_1_252' title='bbox 728 2354 898 2395; x_wconf 85' lang='lat' dir='ltr'>Ulpianus</span> <span class='ocrx_word' id='word_1_253' title='bbox 923 2349 1012 2394; x_wconf 70' lang='grc' dir='ltr'>ἔπος</span> <span class='ocrx_word' id='word_1_254' title='bbox 1037 2354 1194 2386; x_wconf 89' lang='lat' dir='ltr'>additum</span> <span class='ocrx_word' id='word_1_255' title='bbox 1212 2354 1365 2394; x_wconf 83' lang='lat' dir='ltr'>exhibet,</span> <span class='ocrx_word' id='word_1_256' title='bbox 1391 2358 1425 2386; x_wconf 91' lang='lat' dir='ltr'>et</span> <span class='ocrx_word' id='word_1_257' title='bbox 1442 2354 1529 2386; x_wconf 86' lang='lat' dir='ltr'>Plat.</span> <span class='ocrx_word' id='word_1_258' title='bbox 1548 2355 1656 2396; x_wconf 85' lang='lat' dir='ltr'>Legg.</span> <span class='ocrx_word' id='word_1_259' title='bbox 1670 2355 1686 2386; x_wconf 96' lang='lat' dir='ltr'>I</span> 
     </span>
     <span class='ocr_line' id='line_1_29' title="bbox 241 2409 1688 2453; baseline 0.003 -12"><span class='ocrx_word' id='word_1_260' title='bbox 241 2421 273 2452; x_wconf 86' lang='lat' dir='ltr'>p.</span> <span class='ocrx_word' id='word_1_261' title='bbox 300 2412 376 2451; x_wconf 82' lang='lat'>639,</span> <span class='ocrx_word' id='word_1_262' title='bbox 403 2421 431 2442; x_wconf 90' lang='lat' dir='ltr'>e.</span> <span class='ocrx_word' id='word_1_263' title='bbox 495 2414 674 2452; x_wconf 82' lang='lat' dir='ltr'>praeterea</span> <span class='ocrx_word' id='word_1_264' title='bbox 722 2410 930 2442; x_wconf 89' lang='lat' dir='ltr'>Doederlein</span> <span class='ocrx_word' id='word_1_265' title='bbox 973 2414 1068 2442; x_wconf 86' lang='lat' dir='ltr'>recte</span> <span class='ocrx_word' id='word_1_266' title='bbox 1110 2410 1357 2442; x_wconf 76' lang='lat' dir='ltr'>animadvertit</span> <span class='ocrx_word' id='word_1_267' title='bbox 1394 2422 1413 2442; x_wconf 87' lang='lat' dir='ltr'>a</span> <span class='ocrx_word' id='word_1_268' title='bbox 1453 2411 1603 2443; x_wconf 85' lang='lat' dir='ltr'>formula</span> <span class='ocrx_word' id='word_1_269' title='bbox 1640 2409 1688 2453; x_wconf 83' lang='grc' dir='ltr'>ὡς</span> 
     </span>
     <span class='ocr_line' id='line_1_30' title="bbox 240 2462 1688 2514; baseline 0.001 -13"><span class='ocrx_word' id='word_1_270' title='bbox 240 2465 364 2501; x_wconf 80' lang='grc' dir='ltr'><em>εἰπεῖν</em></span> <span class='ocrx_word' id='word_1_271' title='bbox 401 2462 491 2507; x_wconf 73' lang='grc' dir='ltr'><em>ἔπος</em></span> <span class='ocrx_word' id='word_1_272' title='bbox 537 2466 625 2497; x_wconf 85' lang='lat' dir='ltr'>bene</span> <span class='ocrx_word' id='word_1_273' title='bbox 675 2476 749 2497; x_wconf 87' lang='lat' dir='ltr'>esse</span> <span class='ocrx_word' id='word_1_274' title='bbox 799 2466 1080 2508; x_wconf 83' lang='lat' dir='ltr'>distinguendam</span> <span class='ocrx_word' id='word_1_275' title='bbox 1123 2468 1309 2498; x_wconf 86' lang='lat' dir='ltr'>formulam</span> <span class='ocrx_word' id='word_1_276' title='bbox 1346 2464 1396 2508; x_wconf 83' lang='grc' dir='ltr'>ὡς</span> <span class='ocrx_word' id='word_1_277' title='bbox 1430 2465 1554 2501; x_wconf 74' lang='grc' dir='ltr'><em>εἰπεῖν</em></span> <span class='ocrx_word' id='word_1_278' title='bbox 1589 2466 1688 2514; x_wconf 82' lang='grc' dir='ltr'><em>λόγῳ</em></span> 
     </span>
     <span class='ocr_line' id='line_1_31' title="bbox 244 2521 1688 2566; baseline 0.002 -13"><span class='ocrx_word' id='word_1_279' title='bbox 244 2521 341 2562; x_wconf 87' lang='lat' dir='ltr'>(Her.</span> <span class='ocrx_word' id='word_1_280' title='bbox 367 2523 400 2553; x_wconf 88' lang='grc' dir='ltr'>Π</span> <span class='ocrx_word' id='word_1_281' title='bbox 425 2522 482 2563; x_wconf 83' lang='lat'>53)</span> <span class='ocrx_word' id='word_1_282' title='bbox 510 2533 517 2553; x_wconf 73' lang='grc' dir='ltr'>ε</span> <span class='ocrx_word' id='word_1_283' title='bbox 543 2532 625 2554; x_wconf 87' lang='lat' dir='ltr'>nam</span> <span class='ocrx_word' id='word_1_284' title='bbox 650 2522 712 2554; x_wconf 86' lang='lat' dir='ltr'>illa</span> <span class='ocrx_word' id='word_1_285' title='bbox 737 2531 817 2553; x_wconf 87' lang='lat' dir='ltr'>cum</span> <span class='ocrx_word' id='word_1_286' title='bbox 841 2522 959 2554; x_wconf 84' lang='lat' dir='ltr'>valeat</span> <span class='ocrx_word' id='word_1_287' title='bbox 990 2527 1028 2553; x_wconf 77' lang='lat' dir='ltr'>ut</span> <span class='ocrx_word' id='word_1_288' title='bbox 1055 2521 1184 2564; x_wconf 59' lang='lat' dir='ltr'>mundi</span> <span class='ocrx_word' id='word_1_289' title='bbox 1217 2523 1314 2554; x_wconf 73' lang='lat' dir='ltr'>verbo</span> <span class='ocrx_word' id='word_1_290' title='bbox 1350 2528 1440 2564; x_wconf 78' lang='lat' dir='ltr'>utar,</span> <span class='ocrx_word' id='word_1_291' title='bbox 1466 2524 1557 2555; x_wconf 81' lang='lat' dir='ltr'>hanc</span> <span class='ocrx_word' id='word_1_292' title='bbox 1581 2525 1688 2566; x_wconf 85' lang='lat' dir='ltr'>signi-</span> 
     </span>
     <span class='ocr_line' id='line_1_32' title="bbox 240 2578 1684 2622; baseline 0.002 -13"><span class='ocrx_word' id='word_1_293' title='bbox 240 2579 347 2610; x_wconf 89' lang='lat' dir='ltr'>ficare</span> <span class='ocrx_word' id='word_1_294' title='bbox 382 2583 419 2609; x_wconf 74' lang='lat' dir='ltr'>ut</span> <span class='ocrx_word' id='word_1_295' title='bbox 455 2578 590 2620; x_wconf 66' lang='lat' dir='ltr'>vulqari</span> <span class='ocrx_word' id='word_1_296' title='bbox 620 2578 800 2620; x_wconf 77' lang='lat' dir='ltr'>proverbio</span> <span class='ocrx_word' id='word_1_297' title='bbox 835 2583 932 2618; x_wconf 77' lang='lat' dir='ltr'>utar3</span> <span class='ocrx_word' id='word_1_298' title='bbox 969 2589 988 2609; x_wconf 81' lang='lat' dir='ltr'>a</span> <span class='ocrx_word' id='word_1_299' title='bbox 1026 2579 1154 2620; x_wconf 85' lang='lat' dir='ltr'>quibus</span> <span class='ocrx_word' id='word_1_300' title='bbox 1190 2580 1293 2622; x_wconf 89' lang='lat' dir='ltr'>longe</span> <span class='ocrx_word' id='word_1_301' title='bbox 1319 2580 1456 2611; x_wconf 85' lang='lat' dir='ltr'>differre</span> <span class='ocrx_word' id='word_1_302' title='bbox 1482 2591 1570 2622; x_wconf 87' lang='lat' dir='ltr'>quae</span> <span class='ocrx_word' id='word_1_303' title='bbox 1595 2580 1684 2612; x_wconf 81' lang='lat' dir='ltr'>Plat.</span> 
     </span>
     <span class='ocr_line' id='line_1_33' title="bbox 240 2631 1688 2679; baseline 0.003 -13"><span class='ocrx_word' id='word_1_304' title='bbox 240 2636 347 2677; x_wconf 84' lang='lat' dir='ltr'>Legg.</span> <span class='ocrx_word' id='word_1_305' title='bbox 374 2636 435 2675; x_wconf 91' lang='lat' dir='ltr'>III,</span> <span class='ocrx_word' id='word_1_306' title='bbox 462 2646 491 2677; x_wconf 93' lang='lat' dir='ltr'>p.</span> <span class='ocrx_word' id='word_1_307' title='bbox 519 2637 582 2667; x_wconf 87' lang='grc'>677</span> <span class='ocrx_word' id='word_1_308' title='bbox 608 2635 770 2677; x_wconf 85' lang='lat' dir='ltr'>legantur</span> <span class='ocrx_word' id='word_1_309' title='bbox 795 2647 802 2667; x_wconf 91' lang='lat'><strong>:</strong></span> <span class='ocrx_word' id='word_1_310' title='bbox 840 2635 886 2669; x_wconf 83' lang='grc' dir='ltr'>τὰ</span> <span class='ocrx_word' id='word_1_311' title='bbox 918 2636 946 2667; x_wconf 74' lang='grc' dir='ltr'>δ’</span> <span class='ocrx_word' id='word_1_312' title='bbox 978 2634 1072 2669; x_wconf 75' lang='grc' dir='ltr'>ἄλλα</span> <span class='ocrx_word' id='word_1_313' title='bbox 1096 2633 1230 2677; x_wconf 76' lang='grc' dir='ltr'><em>ἄλλους</em></span> <span class='ocrx_word' id='word_1_314' title='bbox 1254 2636 1474 2679; x_wconf 73' lang='grc' dir='ltr'><em>πάμπολλα,</em></span> <span class='ocrx_word' id='word_1_315' title='bbox 1512 2634 1562 2677; x_wconf 84' lang='grc' dir='ltr'>ὡς</span> <span class='ocrx_word' id='word_1_316' title='bbox 1598 2631 1688 2678; x_wconf 69' lang='grc' dir='ltr'><em>ἔπος</em></span> 
     </span>
     <span class='ocr_line' id='line_1_34' title="bbox 239 2689 951 2735; baseline 0 -10"><span class='ocrx_word' id='word_1_317' title='bbox 239 2689 374 2731; x_wconf 80' lang='grc' dir='ltr'><em>εἰπεῖν,</em></span> <span class='ocrx_word' id='word_1_318' title='bbox 400 2690 495 2735; x_wconf 74' lang='grc' dir='ltr'>χθὲς</span> <span class='ocrx_word' id='word_1_319' title='bbox 518 2692 581 2726; x_wconf 81' lang='grc' dir='ltr'>καὶ</span> <span class='ocrx_word' id='word_1_320' title='bbox 608 2690 736 2735; x_wconf 78' lang='grc' dir='ltr'><em>πρώην</em></span> <span class='ocrx_word' id='word_1_321' title='bbox 760 2690 951 2735; x_wconf 78' lang='grc' dir='ltr'><em>γεγονότα.</em></span> 
     </span>
    </p>

    <p class='ocr_par' dir='ltr' id='par_1_6' title="bbox 240 2746 1685 2904">
     <span class='ocr_line' id='line_1_35' title="bbox 330 2746 1684 2791; baseline 0.001 -12"><span class='ocrx_word' id='word_1_322' title='bbox 330 2746 360 2790; x_wconf 80' lang='lat'>²)</span> <span class='ocrx_word' id='word_1_323' title='bbox 385 2748 451 2780; x_wconf 92' lang='lat' dir='ltr'>Pro</span> <span class='ocrx_word' id='word_1_324' title='bbox 476 2749 648 2780; x_wconf 83' lang='lat' dir='ltr'>vocabulo</span> <span class='ocrx_word' id='word_1_325' title='bbox 674 2747 802 2783; x_wconf 82' lang='grc' dir='ltr'><em>κεινόν</em></span> <span class='ocrx_word' id='word_1_326' title='bbox 843 2748 936 2790; x_wconf 86' lang='lat' dir='ltr'>quod</span> <span class='ocrx_word' id='word_1_327' title='bbox 972 2749 1107 2790; x_wconf 81' lang='lat' dir='ltr'>aliquot</span> <span class='ocrx_word' id='word_1_328' title='bbox 1141 2749 1278 2780; x_wconf 88' lang='lat' dir='ltr'>codices</span> <span class='ocrx_word' id='word_1_329' title='bbox 1303 2750 1487 2791; x_wconf 83' lang='lat' dir='ltr'>praebent,</span> <span class='ocrx_word' id='word_1_330' title='bbox 1525 2750 1684 2791; x_wconf 87' lang='lat' dir='ltr'>equidem</span> 
     </span>
     <span class='ocr_line' id='line_1_36' title="bbox 241 2805 1685 2848; baseline 0.001 -12"><span class='ocrx_word' id='word_1_331' title='bbox 241 2815 321 2836; x_wconf 88' lang='lat' dir='ltr'>cum</span> <span class='ocrx_word' id='word_1_332' title='bbox 345 2805 503 2846; x_wconf 87' lang='lat' dir='ltr'>Baehrio,</span> <span class='ocrx_word' id='word_1_333' title='bbox 528 2806 706 2848; x_wconf 88' lang='lat' dir='ltr'>Abichtio,</span> <span class='ocrx_word' id='word_1_334' title='bbox 731 2806 890 2847; x_wconf 83' lang='lat' dir='ltr'>Kriigero</span> <span class='ocrx_word' id='word_1_335' title='bbox 916 2805 1068 2837; x_wconf 86' lang='lat' dir='ltr'>scribere</span> <span class='ocrx_word' id='word_1_336' title='bbox 1099 2806 1218 2838; x_wconf 86' lang='lat' dir='ltr'>malim</span> <span class='ocrx_word' id='word_1_337' title='bbox 1241 2807 1418 2848; x_wconf 83' lang='grc' dir='ltr'>κείμενον</span> <span class='ocrx_word' id='word_1_338' title='bbox 1443 2806 1479 2848; x_wconf 91' lang='lat' dir='ltr'>(i.</span> <span class='ocrx_word' id='word_1_339' title='bbox 1506 2818 1534 2838; x_wconf 91' lang='lat' dir='ltr'>e.</span> <span class='ocrx_word' id='word_1_340' title='bbox 1558 2806 1685 2848; x_wconf 68' lang='lat' dir='ltr'>reposi-</span> 
     </span>
     <span class='ocr_line' id='line_1_37' title="bbox 240 2862 566 2904; baseline 0.003 -12"><span class='ocrx_word' id='word_1_341' title='bbox 240 2865 312 2892; x_wconf 78' lang='lat' dir='ltr'>tum</span> <span class='ocrx_word' id='word_1_342' title='bbox 336 2871 382 2893; x_wconf 78' lang='lat' dir='ltr'>sc.</span> <span class='ocrx_word' id='word_1_343' title='bbox 409 2862 566 2904; x_wconf 89' lang='lat' dir='ltr'>dolium).</span> 
     </span>
    </p>
   </div>
  </div>
 </body>
</html>
