2055 3387
971 357 1023 398 47

282 487 513 536 σταλέντες
542 482 873 542 στρατεύεσθαι.
918 487 981 528 IV
1010 488 1076 529 44,
1123 487 1160 528 V
1189 488 1255 530 33.
1312 488 1496 529 notanda
1524 495 1619 529 sunt
1648 491 1728 530 tria

281 558 475 614 exempla
503 558 574 599 ubi
605 559 780 600 verbum
807 558 1001 600 mittendi
1037 560 1219 614 primum
1249 559 1435 614 sequitur
1464 559 1727 614 participium

279 629 405 669 futuri
436 644 559 670 sensu
590 629 702 670 finali
731 630 992 683 instructum,
1021 636 1108 670 tum
1138 629 1305 670 additur
1334 629 1564 670 infinitivus
1593 629 1728 670 finalis

278 699 367 740 VII
401 699 478 740 163
505 700 669 754 πέμπει
699 724 752 729 -
780 696 963 754 Κάδμον
998 724 1039 729 -
1073 695 1434 754 καραδοκήσοντα
1471 695 1552 754 τὴν
1588 696 1729 756 μάχην

276 772 331 824 τῇ
358 770 563 812 πεσέεται
589 771 662 812 καὶ
692 764 745 825 ἢν
772 771 852 825 μὲν
882 765 905 812 ὃ
935 766 1155 826 βάρβαρος
1185 774 1306 828 νικᾷ,
1348 766 1403 812 τά
1442 786 1491 812 τε
1527 766 1728 826 χρήματα

278 833 400 895 αὗτῷ
429 836 599 882 διδόναι
623 866 684 892 -,
714 835 768 896 ἢν
797 841 843 883 δὲ
874 840 915 883 οἱ
935 835 1151 897 Ἕλληνες,
1183 835 1327 884 ὀπίσω
1357 835 1554 896 ἁπάγειν.
1614 841 1681 881 IX
1702 844 1728 883 6

279 909 479 966 ἔπεμπον
508 905 717 966 εἷγγέλους
747 907 833 966 ἅμα
862 912 943 966 μὲν
971 913 1280 967 μεμψομένους
1317 921 1432 955 τοῖσι
1460 912 1728 966 Λακεδαιμο-

277 983 409 1024 νίοισι
437 1008 490 1012 —
520 977 607 1038 ἅμα
638 983 683 1024 δὲ
714 977 1052 1039 ὑπομνήσοντας
1086 1008 1146 1036 -,
1174 985 1388 1039 προεῖπαί
1417 1000 1463 1026 τε
1496 979 1565 1025 ὅτι
1593 987 1685 1024 κτλ.
1717 1018 1725 1025 .

276 1052 344 1094 IX
372 1053 438 1094 54.

386 1159 412 1209 ἓ
441 1157 505 1198 50.
564 1158 632 1198 Ab
663 1158 724 1198 his
753 1158 891 1199 verbis
922 1158 1057 1199 facilis
1088 1164 1151 1198 est
1181 1159 1380 1199 transitus
1411 1159 1462 1199 ad
1492 1158 1572 1199 alia
1603 1173 1726 1213 quae-

278 1227 372 1268 dam
416 1228 486 1269 ubi
530 1228 737 1269 infinitivo
779 1230 842 1269 vis
873 1230 1142 1269 consecutiva
1170 1229 1307 1269 inesse
1338 1229 1514 1269 videtur.
1573 1244 1655 1284 quo
1684 1231 1726 1270 in

279 1313 437 1353 genere
460 1299 588 1340 verba
610 1299 963 1354 deprehendimus
985 1299 1292 1340 diversissimae
1314 1300 1628 1355 significationis
1646 1315 1654 1340 :
1684 1299 1730 1340 Π

282 1370 333 1411 19
354 1364 506 1425 ἥντινα
537 1366 721 1424 δύναμιν
743 1369 829 1424 ἔχει
850 1365 873 1412 ὁ
892 1374 1052 1420 Νεῖλος
1080 1366 1134 1412 τὰ
1167 1369 1353 1425 ἔμπαλιν
1372 1371 1618 1424 πεφυκέναι
1637 1373 1729 1412 τῶν

276 1435 423 1483 ἄλλων
451 1444 676 1495 ποταμῶν.
735 1441 805 1482 III
839 1443 916 1483 149
947 1441 994 1483 ἔκ
1025 1458 1072 1484 τε
1104 1436 1235 1496 ὄψιος
1265 1435 1442 1497 ὀνείρου
1470 1443 1542 1483 καὶ
1564 1438 1727 1484 νούσου

276 1506 302 1566 ἥ
342 1527 417 1566 μιν
459 1512 672 1564 κατέλαβε
717 1515 898 1567 νοσῆσαι
944 1508 999 1554 τὰ
1044 1512 1201 1554 αἰδοῖα.
1275 1513 1297 1553 Ι
1330 1514 1406 1554 176
1435 1506 1618 1568 ὑπῆψαν
1647 1508 1727 1568 τῆν

276 1575 524 1638 ἀκρόπολιν
551 1586 699 1625 πᾶσαν
726 1579 892 1639 ταύτην
921 1585 1128 1626 καίεσθαι
1158 1583 1445 1635 accenderunt,
1477 1585 1538 1625 z'ta
1568 1594 1612 1625 ut
1641 1593 1726 1625 tota

277 1669 359 1694 aroe
376 1654 557 1709 flamma
587 1655 865 1696 absumeretur
895 1655 1090 1709 (Baehr).
1149 1654 1194 1695 II
1223 1655 1276 1696 99
1307 1687 1315 1694 .
1349 1687 1355 1694 .
1388 1650 1472 1696 τὸν
1501 1654 1547 1696 δὲ
1587 1670 1724 1696 ποτα-

275 1720 361 1778 μὸν
388 1717 614 1778 ὀχετεῦσαι
643 1721 695 1766 τὸ
724 1725 860 1779 μέσον
888 1728 980 1767 τῶν
1009 1719 1151 1780 ὀρέων
1181 1723 1296 1779 ῥέειν
1313 1726 1497 1781 fluvium
1526 1741 1618 1766 vere
1648 1741 1727 1781 per

276 1795 466 1836 canalem
496 1796 545 1848 (s.
577 1796 739 1837 alveum
767 1812 895 1837 mauu
921 1796 1104 1850 factum)
1137 1812 1179 1837 eo
1211 1796 1447 1844 deduxisse,
1480 1797 1628 1837 utiam
1648 1812 1726 1837 me-

277 1865 374 1906 dius
400 1867 508 1907 inter
534 1875 689 1907 montes
727 1867 976 1922 interflueret
1006 1867 1199 1921 (Baehr).
1256 1866 1324 1907 III
1358 1867 1436 1907 102
1465 1863 1726 1921 ζευξάμενος

277 1933 457 1986 ἕκαστος
475 1933 697 1992 καμήλους
716 1946 845 1992 τρεῖς,
867 1934 1151 1993 σειρηᾳόριον
1171 1939 1243 1979 καὶ
1265 1935 1550 1993 ἑκατέρωθεν
1572 1937 1725 1993 ἔρσενα

275 2008 524 2063 παρέλκειν,
568 2004 736 2062 θήλεαν
781 2009 826 2050 δὲ
870 2008 914 2057 ἐς
941 2009 1076 2063 μέσον
1117 2018 1196 2049 tres
1236 2008 1401 2063 quidem
1443 2009 1619 2050 camelos
1662 2013 1725 2050 ua

276 2080 465 2135 iunyunt,
491 2088 535 2120 ut
562 2095 717 2120 vmarem
743 2080 936 2134 funalem
966 2081 1171 2134 utrimque
1200 2079 1408 2132 collocent,
1439 2081 1516 2134 qui
1543 2096 1570 2120 a
1600 2079 1727 2121 latere

278 2150 458 2202 trahant,
486 2150 691 2205 feminam
720 2166 814 2192 vero
843 2150 1032 2191 mediam>
1052 2151 1161 2192 iuter
1189 2151 1260 2192 lzos
1280 2159 1460 2206 ponant.

387 2255 412 2304 ξ
441 2254 508 2294 51.
566 2254 708 2294 Etiam
739 2255 937 2295 audacior
965 2270 1064 2296 usus
1094 2255 1287 2295 infinitivi
1317 2261 1379 2295 est
1418 2256 1459 2295 in
1489 2254 1553 2294 his
1584 2269 1725 2295 exem-

278 2323 356 2377 plis
388 2323 457 2363 ubi
487 2324 714 2364 infinitivus
759 2325 884 2365 medii
930 2331 971 2366 et
1012 2327 1166 2380 passivi
1208 2325 1323 2365 finali
1362 2325 1427 2366 vel
1459 2327 1725 2366 consecutivo

280 2407 403 2433 sensu
434 2393 487 2434 ad
517 2394 692 2434 verbum
723 2394 883 2435 finitum
915 2395 1075 2436 aceedit
1102 2410 1111 2435 ι
1144 2395 1165 2435 Ι
1199 2396 1274 2436 196
1314 2390 1422 2437 ἄλλο
1462 2396 1510 2436 δέ
1538 2412 1579 2436 τι
1611 2395 1725 2447 ἐξευ-

278 2459 430 2517 ρήκασι
472 2466 630 2506 νεωστὶ
673 2465 892 2519 γενέσθαι.
968 2465 1005 2505 V
1051 2467 1102 2508 38
1148 2465 1239 2507 ἔδεε
1282 2462 1365 2521 γὰρ
1407 2462 1453 2508 δῖ
1488 2468 1725 2522 συμμαχίης

278 2531 397 2583 τινός
428 2534 469 2576 οἱ
496 2532 684 2591 μεγάλης
713 2536 1022 2591 ἐξευρεθῆναι,
1064 2537 1133 2577 ubi
1165 2538 1417 2577 constructio
1448 2538 1601 2578 usitata
1632 2536 1722 2579 ἔδεε

277 2600 358 2659 γὰρ
388 2601 439 2659 δὴ
468 2607 710 2662 συμμαχίην
729 2603 827 2648 τινά
859 2606 899 2648 οἱ
928 2603 1120 2666 μεγάλην
1149 2606 1436 2662 ἐξευρεθῆναι
1466 2609 1524 2648 ita
1553 2615 1616 2648 est
1636 2623 1723 2648 mu-

279 2682 376 2727 tata,
420 2684 464 2716 ut
507 2677 735 2718 subiectum
780 2679 1005 2718 accusativi
1048 2693 1139 2718 cum
1183 2678 1385 2719 infinitivo
1417 2694 1440 2719 a
1470 2679 1598 2719 verbo
1631 2677 1723 2719 ἔδεε

278 2745 459 2800 pendeat
488 2753 612 2801 atque
642 2748 868 2788 infinitivus
899 2763 981 2789 non
1013 2756 1169 2789 mutato
1200 2763 1354 2803 genere
1386 2749 1589 2790 addatur:
1621 2765 1724 2804 opus

278 2816 385 2856 enim
412 2817 499 2870 fuit
527 2833 682 2873 maqna
712 2819 912 2873 quapiam
942 2835 1151 2860 armorum
1170 2821 1374 2869 societate,
1405 2835 1510 2874 quae
1538 2820 1610 2860 illi
1635 2829 1724 2860 erat
