2055 3387
952 385 1003 426 13

253 529 407 575 φυγεῖν
425 520 497 561 καὶ
516 520 624 574 θεῷ.
683 517 792 558 idem
824 517 1071 558 adiectivum
1102 509 1296 558 ἀδύνατα
1328 520 1465 556 exstat
1494 516 1616 556 etiam
1639 513 1702 555 VI

257 592 308 632 13
340 597 380 632 et
412 592 501 632 106.
560 589 610 631 ad
641 589 744 630 haee
774 587 882 629 addo
915 602 964 629 ea
995 588 1203 643 exempla‚'
1231 587 1272 627 in
1304 587 1454 642 quibus
1476 586 1703 627 infinitivus

253 662 427 703 subiecti
457 667 598 717 partes
619 661 796 701 sustinet
815 659 925 714 apud
947 659 1168 699 formulam
1192 651 1312 712 (οἰκ)
1344 654 1433 699 οἷά
1464 673 1511 699 τε
1541 657 1632 699 ἐστι
1647 659 1701 709 1):

253 733 276 774 I
309 733 386 774 194
415 726 498 774 ἇυίι
541 727 622 774 τὸν
663 726 867 785 ποταμὸν
909 726 990 785 γὰρ
1033 726 1084 784 δὴ·
1124 722 1204 771 οἰκ
1243 725 1314 771 οἷά
1354 745 1400 770 τε
1433 728 1524 771 ἐστὶ
1553 728 1704 770 πλέειν

256 797 401 846 οὐδενὶ
444 799 601 859 τρόπῳ
644 797 731 844 ὑπὸ
776 798 932 856 τάχεος
989 804 1070 843 τοῦ
1113 804 1331 855 ποταμοῦ.
1411 801 1457 842 II
1499 801 1565 841 29.
1613 801 1703 841 179.

254 874 324 916 III
353 876 417 916 72.
484 874 549 915 IV
579 875 643 915 31.
673 874 738 915 50.
773 873 862 915 184.
933 871 995 912 VI
1028 873 1116 914 130.
1186 871 1274 913 VII
1301 872 1393 913 208.
1462 871 1572 913 VIII
1613 871 1703 912 133.

255 946 323 987 IX
353 946 417 987 80.

366 1016 626 1057 substantiva
669 1021 804 1056 sunt:
847 1010 1054 1068 λόγιον
1092 1013 1155 1054 ΠΤ
1189 1013 1277 1056 178.
1351 1007 1577 1062 ὄνειδος
1619 1012 1707 1053 VII

256 1088 321 1128 61.
380 1087 579 1136 δέννος
602 1086 669 1127 ΙΧ
702 1086 791 1127 107.
851 1079 1021 1140 ἥδοιντ’
1052 1084 1140 1124 VII
1175 1084 1264 1125 160.
1324 1076 1539 1138 (Ξνάγκη
1569 1084 1706 1135 (πᾶσα

257 1151 311 1209 εἰ,
342 1150 521 1212 οὐδεμία
552 1150 628 1210 ἄ..)
669 1156 725 1197 Il.
758 1156 823 1197 22.
854 1156 920 1197 35.
952 1156 1016 1197 65.
1048 1154 1110 1195 IV
1141 1155 1206 1196 43.
1240 1154 1329 1195 179.
1362 1153 1399 1193 V
1430 1154 1483 1195 52
1514 1154 1589 1194 bis.
1620 1153 1707 1193 VII

256 1228 322 1269 31.
378 1230 603 1283 πρῆγμα
633 1227 655 1267 Ι
684 1228 747 1268 79.
797 1226 860 1267 ΠΤ
894 1228 955 1267 11.
1014 1225 1100 1266 VII
1135 1227 1194 1266 12.
1261 1221 1430 1279 νόμος
1467 1225 1489 1265 I
1518 1225 1582 1266 90.
1616 1224 1706 1266 132.

260 1299 350 1340 195.
409 1298 472 1339 IV
502 1300 568 1340 68.
628 1297 715 1339 VII
748 1298 834 1339 136.
895 1293 1199 1353 συγγνώμη
1229 1297 1251 1336 I
1280 1297 1345 1337 39.
1416 1290 1511 1351 ὁσίη
1540 1295 1585 1336 II
1619 1297 1706 1337 171.

259 1365 515 1424 συμφορή
544 1369 582 1410 V
616 1371 705 1409 111.
764 1363 914 1423 ἄγων
951 1368 1038 1410 VII
1069 1369 1161 1411 209.
1220 1367 1331 1409 VIII
1364 1368 1425 1409 12.
1485 1361 1598 1422 ὥρη
1639 1366 1709 1408 HI

259 1441 327 1483 85.
384 1433 600 1495 εἷυωρίι]
631 1439 741 1481 VIII
774 1440 863 1481 133.

370 1514 395 1563 ξ
426 1512 465 1552 8.
522 1510 761 1551 Infinitivus
791 1510 958 1551 additur
997 1510 1273 1566 appositionis
1314 1515 1385 1550 aut
1426 1523 1710 1564 epexegeseos

262 1583 393 1622 instar
421 1581 678 1622 nominativo
719 1581 967 1621 substantivi
1013 1586 1085 1621 aut
1125 1580 1384 1635 pronominis
1425 1579 1710 1620 antecedentis

262 1658 332 1692 aut
362 1652 611 1702 accusativo,
643 1652 676 1692 si
705 1658 767 1692 est
798 1652 930 1692 oratio
961 1651 1131 1705 obliqua
1161 1665 1169 1690 :
1200 1650 1245 1690 Π
1284 1651 1362 1691 136
1390 1653 1455 1704 τῷ
1485 1649 1531 1690 δὲ
1560 1644 1710 1691 ὑποτι-

260 1723 389 1764 θέντι
408 1725 544 1764 τοῦτο
566 1718 616 1763 τὸ
639 1721 847 1776 ἐνέχυρον
868 1718 997 1776 τήνδε
1019 1721 1190 1763 ἐπεῖναι
1206 1722 1358 1776 ζημίην
1377 1745 1442 1771 -,
1463 1721 1569 1775 μηδὲ
1590 1714 1713 1775 αὐτῷ

262 1793 416 1848 ἐκείνῳ
436 1789 747 1847 τελευτήσαντι
769 1790 879 1834 εἶναι
899 1796 1040 1848 ταφῆς
1058 1796 1240 1848 κυρῆσαι
1268 1789 1366 1848 μήτ’
1395 1795 1475 1833 κτλ
1498 1826 1504 1833 .
1530 1827 1536 1833 .
1575 1791 1640 1831 VI
1660 1792 1710 1832 37

262 1862 314 1907 τὸ
345 1865 491 1907 ἐθέλει
520 1861 571 1906 τὸ
604 1863 710 1913 ἔπος
741 1862 851 1906 εἶναι
884 1889 927 1895 -
962 1866 1120 1914 πίτυος
1158 1861 1331 1919 τρόπον
1361 1863 1600 1918 ἐκτρίψειν.
1661 1863 1713 1902 ef.

263 1936 284 1976 I
313 1937 377 1978 61.
436 1936 481 1977 II
509 1936 574 1978 93.
605 1936 669 1977 99.
705 1935 792 1977 181.
853 1936 889 1976 V
920 1936 957 1976 2.
989 1937 1052 1977 70.
1085 1937 1149 1976 71.
1219 1935 1281 1975 VI
1310 1935 1375 1976 23.
1404 1936 1470 1977 57.
1502 1934 1566 1975 92.
1628 1932 1713 1973 VII

266 2009 328 2059 16,
360 2010 394 2049 1.
452 2007 565 2049 VIII
595 2008 660 2049 88.
718 2006 786 2047 IX
818 2007 880 2048 16.

346 2179 400 2231 B.
469 2177 771 2230 Infinitivus
814 2191 878 2229 ex
925 2176 1045 2229 aliis
1089 2176 1328 2228 membris
1377 2174 1633 2228 orationis

889 2258 1092 2325 pendet.

445 2380 541 2436 Gap.
571 2380 645 2422 IV.
703 2380 827 2423 Solus
857 2380 1101 2423 infinitivus
1132 2392 1158 2422 a
1186 2380 1334 2423 verbis
1363 2380 1539 2435 pendet.

378 2483 463 2525 Ubi
495 2483 722 2523 infinitivus
767 2483 975 2523 obiectum
1020 2489 1106 2534 est,
1137 2482 1315 2523 nominis
1345 2489 1496 2524 natura
1525 2489 1717 2524 servatur

269 2568 388 2595 casus
417 2553 553 2594 forma
583 2553 818 2594 obliterata.
875 2567 952 2593 nos
994 2552 1035 2592 in
1078 2553 1371 2593 enumerandis
1413 2553 1617 2608 exemplis
1648 2567 1717 2593 eos

268 2625 405 2678 locos,
445 2624 515 2664 ubi
555 2623 786 2664 infinitivus
826 2624 1061 2678 praesentis
1105 2630 1146 2664 et
1188 2623 1365 2678 perfecti
1397 2624 1631 2676 invenitur,
1664 2624 1715 2664 ab

364 2823 388 2865 ¹)
414 2824 465 2854 De
497 2823 698 2854 accusativo
735 2832 813 2853 eum
847 2822 942 2855 infin.
975 2833 995 2853 a
1027 2822 1175 2853 formula
1210 2817 1271 2856 οἷά
1305 2834 1345 2856 τε
1369 2820 1450 2856 ἐστί
1474 2821 1645 2863 pendente
1672 2822 1716 2853 es.

271 2889 302 2921 p.
329 2882 381 2911 33.
