2055 3387
1144 320 1197 361 56

438 452 557 500 νίδος
587 453 643 503 (ο.
675 452 744 502 0.).
804 451 824 491 Ι
854 452 918 492 78.
980 450 1017 489 V
1047 451 1112 491 65.
1149 451 1239 491 118.
1297 450 1384 491 VII
1417 452 1505 493 150.
1537 452 1629 494 226.
1688 452 1797 494 VIII
1829 455 1892 494 12.

440 523 506 563 IX
529 523 603 574 703
634 522 1070 577 plusquamperf.
1103 522 1232 562 semel
1264 537 1272 561 :
1304 521 1389 562 VII
1420 524 1444 563 2
1475 514 1582 577 ἦσαν
1611 519 1694 578 γὰρ
1725 526 1894 580 Δαρείῳ

439 595 511 635 καὶ
540 589 762 647 πρότερον
793 588 817 647 ἢ
845 595 1103 645 βασιλεῖσαι
1132 589 1364 647 γεγονότες
1404 603 1520 648 τρεῖς
1559 596 1712 644 παῖδες
1742 595 1791 637 ἐκ
1819 599 1896 651 τῆς

440 664 656 719 προτέρης
700 660 918 718 γυναικός.
992 664 1254 704 necessarius
1298 670 1439 704 autem
1469 665 1697 706 infinitivus
1728 673 1816 720 est,
1861 668 1896 707 si

442 735 739 776 enuntiationis
780 734 1051 781 secundariae
1093 735 1200 774 actio
1241 736 1409 775 omnino
1450 750 1533 776 non
1565 737 1704 777 evenit
1733 738 1896 778 actione

443 806 645 846 enuntiati
673 806 856 860 primarii
889 806 1052 846 sublata
1084 821 1092 846 :
1124 805 1187 846 IV
1223 806 1296 846 117
1331 805 1374 847 αἱ
1405 807 1454 848 δέ
1480 823 1595 856 τινες
1625 801 1798 850 αἰτέων
1825 809 1898 850 καὶ

443 880 679 918 τελευτῶσι
735 878 909 932 γηραιαὶ
969 878 1075 930 πρὶν
1135 872 1376 931 γήμασθαι,
1432 870 1485 919 οὗ
1529 875 1765 933 δυιίἓμεναι
1817 875 1899 921 τὸν

445 944 586 1002 νόμον
616 947 840 1002 ἐκπλῆσαι.
874 948 925 987 ef.
957 947 1018 987 IV
1056 948 1144 988 1525.
1203 947 1269 988 VI
1300 948 1363 988 87.
1395 949 1459 989 91.
1494 951 1582 990 116.
1642 949 1709 990 lX
1738 951 1802 992 48.
1833 951 1897 992 68.

449 1019 689 1060 Herodotus
719 1020 970 1060 infinitivum
1003 1020 1129 1059 etiam
1162 1021 1294 1075 ponit,
1326 1020 1397 1061 ubi
1427 1021 1466 1060 in
1510 1022 1670 1061 incerto
1701 1021 1898 1076 relinqui-

445 1096 525 1143 tur,
557 1091 720 1132 actione
752 1092 870 1132 verbi
913 1091 1018 1133 finiti
1058 1090 1246 1146 perfecta
1286 1106 1365 1132 nec
1395 1106 1446 1132 ne
1478 1094 1549 1143 sit,
1581 1092 1693 1133 velut
1722 1092 1762 1133 V
1795 1092 1846 1133 72
1874 1087 1900 1147 ἡ

446 1162 492 1203 δὲ
537 1161 646 1218 ἱρείη
690 1163 962 1214 ἐξαναστᾶσα
1007 1162 1056 1204 ἐκ
1098 1166 1181 1204 τοῖ-
1225 1159 1419 1217 θρόνου,
1465 1165 1570 1218 πρὶν
1600 1158 1624 1218 ἢ
1653 1159 1731 1213 τὰς
1759 1160 1901 1219 θύρας

447 1226 586 1275 αὗτόν
606 1227 800 1288 ἅμεῖψαι,
831 1232 939 1276 εἶπε.
972 1235 1071 1289 quid
1102 1234 1239 1275 vero?
1297 1235 1527 1275 infinitivus
1559 1235 1624 1275 vel
1656 1235 1781 1276 de‘re
1812 1251 1899 1276 sae-

448 1305 541 1359 pius
583 1307 761 1360 repetita
800 1313 1048 1362 usurpatur,
1079 1312 1124 1347 ut
1154 1306 1218 1347 IV
1249 1307 1328 1348 180
1355 1308 1461 1361 πρὶν
1492 1306 1538 1347 δὲ
1569 1299 1737 1348 (ἓνεῖναι
1767 1300 1903 1356 αὗτὰς

447 1372 678 1430 μάχεσθαι,
709 1374 811 1419 τάδε
842 1381 1028 1420 ποιεῦσι.

559 1450 583 1499 ξ
612 1449 677 1489 59.
745 1449 833 1489 Iam
881 1455 1077 1490 secuntur
1121 1463 1170 1489 ea
1214 1450 1428 1504 exempla,
1477 1449 1549 1489 ubi
1590 1448 1820 1489 infinitivus
1860 1448 1903 1488 in

451 1519 674 1560 enuntiatis
715 1535 739 1560 a
782 1521 887 1573 πρίν
930 1520 1224 1560 coniunctione
1265 1520 1560 1575 incipientibus
1605 1519 1656 1560 de
1692 1534 1736 1560 re
1765 1519 1905 1559 futura

449 1596 688 1644 usurpatur.
734 1605 782 1631 ac
806 1591 865 1631 bis
888 1590 1054 1646 quidem
1078 1591 1264 1631 futurum
1295 1590 1505 1631 antecedit
1533 1605 1625 1630 cum
1656 1590 1903 1643 negatione:

451 1660 472 1700 I
506 1661 581 1702 165
610 1657 723 1714 πρὸς
753 1662 798 1702 δὲ
828 1657 1009 1714 ταύτῃσι
1039 1662 1108 1702 καὶ
1139 1657 1306 1715 μύδρον
1336 1657 1537 1715 σιδήρεον
1557 1657 1904 1703 κατεπόντωσαν

453 1732 525 1772 καὶ
557 1725 734 1785 ὤμοσαν
763 1728 820 1786 μὴ
849 1733 954 1786 πρὶν
984 1731 1027 1781 ἐς
1060 1733 1268 1773 Φωκαίαν
1299 1726 1427 1786 ἥξειν,
1457 1733 1563 1786 πρὶν
1593 1727 1615 1773 ἶ
1639 1728 1719 1773 τὸν
1739 1727 1906 1786 μύδρον

456 1805 620 1843 τοῦτον
640 1796 667 1843 (Ξ
680 1818 739 1844 να
755 1819 783 1855 ς(
799 1806 821 1857 ἦ
836 1819 896 1844 να
910 1819 935 1844 ι.
983 1803 1063 1843 iam
1082 1801 1240 1843 Reiske
1256 1802 1433 1842 mutavit
1451 1802 1639 1843 codicum
1659 1803 1906 1858 scripturam

453 1866 673 1927 (ἷναᾳῆναι
698 1875 738 1914 111
765 1867 1057 1928 ι·Ξι·ιι([ανῆι.·αι,
1089 1872 1199 1928 quod
1220 1872 1337 1914 Stein
1361 1873 1509 1928 spretis
1541 1873 1714 1914 aliorum
1747 1875 1907 1914 coniec-

453 1945 555 1984 turis
574 1946 744 2000 recepit.
776 1945 876 1985 mihi
896 1945 1078 2000 quidem,
1111 1944 1207 1998 quia
1224 1950 1389 1998 praeter
1404 1944 1467 1984 IV
1483 1944 1508 1984 9
1527 1943 1597 1998 (de
1615 1959 1696 1999 quo
1715 1945 1908 2000 exemplo

455 2030 492 2054 v.
524 2015 652 2067 infra)
685 2015 762 2056 hoc
791 2031 873 2056 uno
903 2015 994 2055 loco
1027 2030 1075 2056 ea
1107 2020 1314 2055 structura
1344 2015 1577 2067 invenitur,
1621 2016 1909 2056 coniunctivus

454 2087 588 2140 magis
620 2085 826 2139 arrideat,
859 2087 890 2126 si
924 2086 1132 2126 scribatur
1164 2101 1172 2125 ε
1203 2086 1309 2139 πρὶν
1340 2079 1363 2140 γ’]
1394 2102 1477 2134 τις
1506 2081 1587 2127 τὸν
1615 2082 1782 2141 μίδροι)
1811 2089 1910 2128 τοῦ-

455 2173 534 2199 τον
563 2151 703 2209 ιῖναα
719 2153 824 2212 ήνῃ.
845 2182 887 2187 ——
908 2157 967 2197 lV
986 2158 1010 2197 9
1027 2157 1148 2197 lectio
1172 2157 1356 2209 vulgaris
1378 2157 1482 2197 haec
1505 2164 1567 2198 est
1587 2173 1595 2197 ε
1618 2153 1698 2212 τὴν
1713 2158 1758 2199 δὲ
1776 2153 1911 2210 quirat

457 2224 626 2283 ἑωυτὴν
644 2227 845 2282 ἔχεινκαὶ
863 2221 943 2269 οὒκ
959 2221 1210 2269 ἀποδώσειν
1226 2227 1382 2282 ἐκείνῳ
1398 2229 1504 2282 ,πρὶν
1521 2222 1545 2282 ι’]
1563 2227 1603 2269 οἱ
1624 2245 1653 2282 μ
1668 2233 1760 2282 ιχθ
1773 2231 1831 2283 ἦν
1842 2245 1868 2269 α
1882 2241 1909 2269 ι·

458 2295 537 2340 τὸν
568 2299 613 2340 δὲ
639 2294 849 2354 (Ηρακλέα
879 2301 1089 2353 μιχθῆναι
1120 2298 1192 2340 ἐπὶ
1224 2302 1288 2353 τῷ
1317 2302 1464 2353 μισθῷ
1493 2295 1653 2353 τούτῳ,
1698 2314 1780 2354 quo
1822 2300 1911 2340 loeo

458 2370 598 2410 nescio
631 2385 682 2410 an
714 2370 947 2410 infinitivus
979 2371 1109 2409 errori
1140 2370 1297 2410 librarii
1329 2369 1543 2410 cuiusdam
1586 2370 1832 2410 tribuendus
1862 2371 1914 2410 sit

459 2456 533 2495 pro
565 2441 827 2481 coniunctivo
858 2443 1008 2494 μιχθῇ,
1040 2440 1081 2480 id
1113 2439 1225 2495 quod
1256 2440 1456 2495 perfacile
1493 2441 1582 2480 fieri
1621 2442 1772 2495 potuit,
1815 2441 1912 2495 quia

460 2512 591 2551 tribus
636 2517 796 2551 tantum
839 2511 979 2551 verbis
1020 2511 1244 2551 interiectis
1285 2511 1395 2551 idem
1435 2511 1662 2552 infinitivus
1702 2514 1911 2566 μιχθῆναι

459 2581 631 2635 legitur,
677 2581 728 2621 ad
774 2596 897 2636 quem
942 2582 1049 2622 oculi
1095 2582 1249 2622 librarii
1280 2582 1538 2622 aberrarunt.
1598 2588 1783 2622 ceterum
1815 2596 1910 2621 con·

459 2651 632 2691 iunctivi
663 2654 800 2705 μιχθῇ
830 2652 1010 2706 vestigia
1039 2653 1310 2693 inveniuntur
1337 2652 1377 2691 in
1411 2650 1551 2692 codice
1582 2651 1621 2692 R
1653 2651 1910 2704 (Vaticano),

460 2722 499 2760 in
533 2736 614 2775 quo
647 2728 708 2761 est
735 2725 883 2776 μιχθῆ.
904 2746 958 2751 —
978 2723 1019 2762 in
1051 2723 1199 2762 ceteris
1231 2722 1433 2777 exemplis
1467 2722 1680 2761 enuntiata
1713 2723 1912 2776 primaria

462 2792 753 2847 negationibus
796 2798 940 2833 carent
971 2808 978 2832 :
1011 2792 1074 2833 VI
1106 2793 1182 2833 109
1224 2787 1274 2855 ἣν
1315 2792 1360 2833 δὲ
1407 2788 1697 2846 σιχιιβιὲλοῃιιεν
1736 2794 1842 2847 πρίν
1869 2809 1912 2834 τι
