2086 3413
1036 387 1132 416 VIII

545 508 564 546 ἓ
591 509 642 539 61.
691 507 859 548 Exempla
885 511 1135 539 enumerantur
1172 532 1178 539 .

451 563 531 605 Cap.
557 565 616 596 XI.
665 563 943 594 Infinitivus
979 567 1079 604 post
1117 562 1237 597 διότι
1271 568 1311 595 et
1341 564 1459 607 πλὴν
1487 559 1561 599 ὅτι

496 620 841 661 ejoniunctiones
867 624 909 651 et
934 619 976 650 in
1002 620 1252 651 enuntiatis
1276 621 1484 652 relativis

541 677 560 715 ξ
587 678 638 707 62.
687 676 750 706 Ins.
776 680 854 717 post
879 674 973 709 διότι
1002 680 1036 707 et
1061 676 1158 718 πλὴν
1183 671 1240 710 ὅτι
1267 677 1530 709 coniunctiones
1580 703 1586 709 .

541 734 560 771 ἓ
586 734 638 763 63.
711 756 726 772 „
779 732 815 763 in
840 728 1033 763 enuntiatis
1059 732 1216 764 relativis
1273 757 1280 764 .

987 830 1094 863 Pars
1123 829 1180 864 II.

359 911 416 945 De
441 910 676 945 infinitivus
702 919 791 944 cum
819 911 994 945 artie-ulo
1021 911 1238 945 coniuncto
1272 938 1279 945 .

449 971 530 1012 Cap.
555 971 633 1001 XII.
671 970 947 1002 Infinitivus
973 981 1067 1002 eum
1092 970 1288 1002 articulo
1317 970 1584 1002 coniunctus

495 1026 688 1058 subiecti
712 1027 807 1057 viee
833 1027 1047 1068 fungitur

540 1083 559 1121 ἓ
585 1085 637 1114 64.
688 1083 790 1115 Solus
814 1082 1011 1115 infinitivus
1069 1107 1075 1114 .

540 1139 558 1177 ἓ
585 1140 637 1170 65.
685 1139 920 1170 Accusativus
947 1148 1027 1170 cum
1051 1138 1226 1171 infinitivo
1269 1164 1275 1171 .

452 1195 533 1236 Cap.
559 1196 656 1227 XIII.
705 1195 985 1226 Infinitivus
1023 1195 1091 1226 vel
1128 1205 1211 1227 ace.
1238 1205 1266 1227 e.
1300 1195 1374 1226 inf.
1403 1206 1423 1227 a
1451 1196 1583 1229 verbo

495 1251 627 1283 finito
653 1252 731 1283 vel
756 1251 953 1283 adieetiv
972 1262 990 1282 ο
1015 1252 1172 1293 pendet

540 1308 559 1346 ξ
584 1309 637 1339 66.
686 1308 788 1339 Solus
812 1307 1012 1339 infinitivus
1037 1319 1057 1340 a
1082 1309 1189 1340 verbo
1217 1308 1345 1350 pendet
1370 1333 1376 1339 .

540 1365 559 1403 ξ
585 1365 637 1394 67.
686 1364 922 1396 Accusativus
947 1375 1027 1396 eum
1052 1365 1226 1397 infinitivo
1251 1376 1271 1396 a
1296 1365 1402 1396 verbo
1429 1365 1556 1406 pendet

539 1421 558 1459 ἕ
585 1421 637 1451 68.
686 1420 888 1452 Infinitivus
914 1431 994 1452 eum
1011 1425 1074 1452 art.
1095 1421 1183 1453 coni.
1203 1422 1246 1453 ab
1265 1421 1438 1453 adieetivo
1456 1421 1584 1463 pendet

449 1477 635 1518 Cap.XIV.
670 1476 940 1508 Infinitivus
966 1487 1059 1509 eum
1083 1478 1284 1509 articulo
1312 1477 1583 1509 coniunctus

494 1544 514 1564 a
538 1532 969 1574 praepositionibus
995 1533 1165 1575 pendet

539 1590 558 1628 ξ
585 1590 637 1621 69.
685 1588 781 1631 μετά

538 1646 556 1684 ἕ
584 1648 635 1677 70.
685 1643 771 1678 ἀντί
799 1649 833 1676 et
857 1644 946 1687 περί

539 1703 557 1740 ἓ
584 1705 636 1732 71.
686 1698 726 1734 ἐν

447 1758 528 1799 Cap.
554 1758 628 1789 XV.
666 1757 933 1789 Infinitivus
959 1768 1052 1789 eum
1077 1757 1266 1789 articulo
1293 1757 1566 1788 coniunctus

489 1824 799 1855 epexegeseos
824 1813 929 1845 viee
955 1813 1173 1855 fungitur

536 1871 555 1909 ξ
582 1872 632 1900 72.
681 1869 736 1900 Ad
760 1869 1016 1901 nominativum
1043 1869 1181 1901 aceedit

536 1927 634 1965 573.
704 1950 719 1966 „
763 1925 1006 1957 accusativum
1109 1951 1125 1967 ‚.,

536 1983 555 2021 ἓ
582 1984 633 2013 74.
706 2007 721 2022 „
764 1981 967 2023 genetivum
1107 2007 1123 2023 „

354 2257 456 2289 Loci
483 2256 690 2299 explicati
716 2260 758 2288 et
783 2256 1030 2288 emendati:

354 2337 369 2367 1
395 2338 434 2366 τ]

353 2393 369 2423 1
396 2393 458 2424 165

353 2449 387 2479 11
414 2450 454 2480 28

353 2506 387 2536 11
413 2506 454 2535 32

353 2562 386 2592 11
414 2562 476 2592 180

352 2618 403 2649 111
430 2620 472 2648 14

353 2675 401 2717 15*
427 2675 445 2705 9
547 2695 556 2706 .

353 2731 418 2761 ‘VII
443 2731 485 2761 54
547 2751 558 2762 .

1693 483 1761 508 pag.

1766 1647 1845 1679 63.

1680 511 1809 542 60—61

1771 623 1810 653 61

1770 680 1809 710 61

1770 736 1808 766 61

1680 895 1814 947 62ss-64

1771 1030 1812 1060 62

1770 1085 1811 1116 62

1769 1142 1810 1172 62

1679 1253 1811 1283 62—63

1677 1310 1810 1341 62—63

1767 1367 1809 1396 63

1767 1422 1809 1452 63

1678 1534 1812 1564 63—64

1766 1590 1808 1620 63

1765 1703 1808 1733 64

1764 1815 1807 1845 64

1764 1870 1807 1900 64

1764 1927 1807 1957 64

1763 1983 1806 2013 64

1671 2336 1713 2367 54
1739 2347 1788 2377 sq.

1670 2393 1712 2423 56

1669 2449 1710 2480 36

1669 2505 1712 2535 64
1728 2514 1802 2545 sqq.

1667 2560 1709 2591 66

1669 2617 1709 2647 67

1668 2673 1710 2703 56

1668 2728 1709 2757 52
1721 2726 1799 2758 adu.
