2055 3387
946 377 1000 418 53

251 509 367 549 marii
390 534 441 539 —
462 508 573 563 quod
605 507 772 563 quidem
804 513 867 548 est
887 513 957 548 aut
985 522 1183 562 praesens
1215 514 1286 548 aut
1315 509 1603 564 imperfectum
1626 516 1697 549 aut

251 581 430 621 aoristus
459 604 512 609 —
541 579 788 634 plerumque
827 592 919 617 cum
960 577 1161 618 infinitivo
1193 579 1333 618 aoristi
1375 580 1695 632 coniunguntur,

249 651 376 692 semel
419 661 514 690 cum
557 648 761 689 infinitivo
804 648 1005 703 perfecti,
1049 654 1196 703 quater
1227 663 1318 688 cum
1349 649 1549 690 infinitivo
1580 665 1698 705 prae-

249 721 390 762 sentis.
451 719 709 760 enuntiatum
741 725 879 759 autem
903 718 1193 760 secundarium
1222 734 1320 760 mox
1342 721 1549 760 antecedit
1570 735 1697 761 enun-

249 793 350 833 tiato
380 791 598 846 primario,
642 803 741 830 mox
783 790 824 829 id
866 790 1054 844 sequitur
1085 805 1093 830 :
1122 791 1228 845 πρίν
1257 796 1320 831 ter
1350 792 1538 845 sequitur
1568 806 1696 831 enun-

249 864 395 904 tiatum
424 861 663 917 primarium
698 876 706 900 :
736 860 759 900 I
786 860 851 901 46.
882 859 944 900 IV
979 861 1068 900 117.
1100 859 1168 901 IX
1188 861 1235 913 93
1264 862 1370 915 πρίν
1391 856 1415 916 ἢ
1445 859 1696 902 duodecies:

249 932 272 973 Ι
300 933 364 974 79.
398 933 487 974 165.
544 930 609 972 IV
638 932 676 972 9.
711 931 799 971 147.
858 930 896 971 V
928 931 992 972 65.
1051 931 1115 972 VI
1157 931 1222 972 22.
1265 932 1352 973 116.
1412 931 1500 972 VII
1528 933 1564 972 3.
1603 932 1696 973 226.

250 1002 361 1044 VIII
380 1003 417 1044 3.
449 1001 517 1043 IX
547 1002 608 1042 71,
643 1003 732 1044 101.
793 1002 941 1042 ceteris
972 1002 1071 1042 locis
1101 1002 1361 1057 praecedunt
1391 1003 1605 1043 enuntiata
1636 1018 1696 1043 se-

251 1074 449 1114 cundaria
480 1074 531 1112 ab
578 1073 690 1113 hisce
734 1072 1098 1113 coniunctionibus
1143 1073 1397 1128 incipientia.
1467 1073 1554 1113 sola
1602 1088 1697 1113 con-

249 1146 404 1185 iunctio
433 1139 656 1198 πρότερον
676 1137 701 1198 ἢ
723 1143 812 1183 sine
843 1142 926 1183 ulla
959 1143 1206 1198 exceptione
1228 1145 1418 1198 sequitur
1440 1144 1699 1184 enuntiatum

250 1215 506 1270 primarium.

360 1289 384 1338 ξ
413 1286 477 1328 56.
536 1284 723 1325 Primum
754 1284 874 1324 nobis
905 1290 1129 1324 occurrunt
1171 1299 1219 1325 ea
1260 1285 1456 1340 exempla
1495 1285 1566 1325 ubi
1595 1285 1700 1338 πρίν

251 1363 500 1411 ceteraeque
518 1356 828 1396 coniunctiones
847 1370 940 1395 cum
956 1355 1163 1396 infinitivo
1193 1357 1472 1410 praesentis
1505 1356 1698 1411 copulan-

251 1434 318 1467 tur
348 1442 357 1468 :
389 1433 485 1467 sunt
513 1441 614 1467 vero
645 1433 852 1482 quattuor.
912 1425 1023 1467 VIII
1053 1426 1078 1466 3
1117 1425 1291 1481 ἐγένετο
1333 1422 1413 1481 γὰρ
1442 1428 1537 1468 κατ’
1567 1420 1701 1482 ιῖρχέις

253 1494 396 1552 λόγος,
426 1499 532 1552 πρὶν
553 1491 577 1552 ἢ
598 1498 670 1539 καὶ
687 1497 730 1546 ἐς
750 1498 960 1552 Σικελίην
979 1498 1170 1551 πέμπειν
1191 1497 1263 1539 ἐπὶ
1285 1499 1537 1553 συμμαχίην,
1569 1492 1628 1547 εἷς
1648 1494 1699 1539 τὸ

252 1564 463 1610 ναυτικὸν
508 1562 773 1623 Ἀθηναίοισι
814 1564 947 1623 χρεὸν
977 1567 1042 1623 εἴη
1070 1564 1343 1623 ἕπιτράπειι».
1403 1569 1468 1609 1116
1497 1569 1699 1609 infinitivo

253 1640 482 1695 praesentis
528 1640 599 1694 qui
639 1653 716 1694 pro
761 1639 1006 1694 imperfecto
1049 1639 1207 1694 positus
1246 1646 1309 1679 est
1348 1640 1447 1679 nihil
1479 1640 1591 1680 aliud
1622 1640 1701 1680 nisi

255 1711 403 1750 certior
434 1709 640 1765 quaedam
671 1710 870 1765 temporis
902 1709 1192 1750 determinatio
1223 1709 1402 1750 additur.
1434 1716 1595 1764 spectat
1632 1726 1700 1751 au-

253 1788 334 1821 tem
366 1780 595 1820 infinitivus
626 1780 678 1820 ad
709 1780 961 1820 antecedens
990 1780 1285 1835 imperfectum
1319 1788 1444 1835 atque
1476 1781 1701 1821 vertendus

254 1858 316 1892 est
345 1852 412 1892 elle
439 1867 537 1892 ‘man
569 1851 670 1892 noch
701 1850 841 1891 daran
872 1850 1039 1902 dachte,
1082 1851 1187 1892 nach
1220 1851 1392 1892 Sz'cz'lien
1422 1867 1470 1891 zu
1500 1852 1700 1892 schz’clcen.

252 1923 458 1978 particula
489 1922 597 1962 enim
627 1923 700 1963 καί
730 1936 837 1977 quae
869 1936 993 1976 saepe
1022 1923 1299 1962 coniunctioni
1330 1923 1436 1976 πρίν
1464 1922 1629 1962 additur
1649 1923 1701 1962 ad

254 1992 490 2048 augendam
515 1994 600 2033 vim
627 1994 713 2033 eius
738 1993 860 2033 valet.
915 1993 1034 2033 aliter
1056 2008 1121 2033 res
1151 2007 1193 2033 se
1214 1993 1341 2033 habet
1361 1992 1470 2034 VIII
1496 1993 1572 2034 144
1599 1994 1701 2047 nolis

253 2055 316 2105 ὧν
345 2072 551 2118 παρεῖναι
573 2063 744 2105 ἐκεῖνον
765 2063 808 2112 ἐς
828 2059 909 2117 τῆν
929 2057 1136 2119 Ἀττικήν,
1157 2061 1289 2118 {agag
1312 2060 1463 2118 καιρός
1484 2063 1575 2105 ἐστι
1595 2079 1701 2118 προ-

251 2138 470 2190 βοηθῆσαι
499 2134 542 2183 {g
572 2131 652 2189 τὴν
673 2136 905 2190 Βοιωτίην,
952 2135 1275 2175 hicinfinitivus
1297 2141 1520 2190 propterea
1540 2135 1700 2189 positus

254 2220 345 2246 esse
388 2206 488 2245 mihi
530 2206 726 2257 videtur„
753 2205 865 2260 quod
909 2206 948 2245 in
996 2206 1120 2245 dubio
1151 2205 1422 2260 relinquitur,
1468 2211 1602 2245 utrum
1633 2204 1701 2245 ille

254 2277 298 2331 (i.
330 2291 364 2317 e.
396 2275 659 2330 Mardonius)
700 2290 846 2316 revera
887 2276 926 2316 in
972 2276 1157 2316 Atticam
1200 2277 1340 2316 veniat
1370 2290 1446 2315 nec
1477 2290 1527 2315 ne
1559 2290 1567 2314 :
1601 2275 1700 2314 certi

254 2347 408 2401 aliquid
453 2347 503 2387 de
540 2347 618 2386 hac
660 2361 705 2386 re
747 2347 827 2386 dici
856 2361 938 2387 non
970 2353 1122 2402 potest,
1153 2347 1205 2387 ad
1236 2348 1347 2401 quod
1380 2345 1699 2401 significandum

253 2417 483 2457 infinitivus
525 2418 680 2472 optime
720 2417 842 2458 valet.
910 2418 951 2457 in
982 2418 1106 2458 tertio
1138 2417 1331 2472 exemplo
1361 2416 1447 2456 Vll
1475 2417 1555 2457 228
1585 2420 1701 2468 θαφ-

254 2491 371 2529 θεῖσι
403 2488 451 2528 δέ
479 2500 555 2539 σφι
584 2481 723 2529 αἰτοῦ
753 2484 891 2541 ταύτῃ
920 2491 971 2541 τῇ
992 2504 1075 2542 περ
1107 2486 1279 2538 ἔπεσον,
1309 2488 1378 2529 κιιὶ
1402 2496 1515 2528 τοῖσι
1544 2483 1700 2541 πρότε-

254 2573 334 2612 ρον
362 2554 643 2612 τελευτήσασι
673 2553 695 2612 ἢ
732 2553 815 2599 ὑπὸ
839 2559 1072 2599 Λεωνίδεω
1099 2552 1309 2612 sinonem
1320 2559 1480 2606 θέντας
1501 2557 1701 2611 οἴχεσθαι

257 2653 318 2680 -—‚
364 2628 679 2683 ἐπιγέγραπται
722 2625 950 2683 γράμματα
994 2629 1178 2683 λέγοντα
1219 2625 1321 2670 τάδε
1365 2661 1372 2668 .
1415 2660 1422 2667 .
1469 2628 1699 2668 infinitivus

252 2700 483 2754 praesentis
532 2715 607 2754 pro
654 2700 902 2754 imperfecto
945 2699 995 2739 de
1035 2714 1079 2739 re
1114 2700 1197 2739 iam
1245 2699 1432 2754 perfecta
1475 2704 1699 2753 usurpatus

255 2776 319 2810 est
347 2776 539 2825 spectans
560 2770 610 2810 ad
633 2770 899 2824 participium
921 2770 1072 2809 aoristi.
1124 2776 1219 2809 ante
1240 2763 1328 2811 ὑπό
1350 2769 1698 2824 praepositionem

254 2853 347 2879 cum
394 2839 619 2881 Schaefero
665 2846 708 2880 et
750 2839 944 2880 Abichtio
977 2853 1121 2880 vocem
1150 2836 1256 2889 τοίς
1284 2838 1550 2880 inserendam
1584 2846 1697 2894 puto,
