2055 3387
942 661 1130 735 Pars
1176 661 1232 734 Ι.

439 803 534 861 De
572 800 887 860 infinitivo
930 801 1069 858 sine
1106 800 1370 858 articulo
1412 803 1738 877 usurpato.

360 1014 419 1066 A.
488 1011 790 1065 Infinitivus
836 1010 917 1063 sui
961 1010 1095 1062 iuris
1142 1011 1222 1062 est
1256 1024 1423 1076 neque
1461 1009 1524 1061 ab
1561 1009 1668 1061 ullo
1706 1009 1810 1062 alio

702 1093 905 1146 nomine
942 1092 1031 1145 vel
1066 1091 1227 1144 verbo
1265 1092 1467 1158 pendet.

362 1236 458 1288 Cap.
488 1234 520 1275 Ι.
588 1232 650 1275 De
679 1233 897 1275 infinitivo
928 1244 1007 1286 pro
1038 1232 1299 1287 imperativo
1331 1231 1402 1274 vel
1432 1232 1628 1286 optativo
1657 1231 1811 1286 posito.

471 1346 495 1395 ξ
525 1345 559 1383 1.
617 1342 860 1383 Herodotus
903 1341 1100 1382 undecim
1140 1342 1240 1382 locis
1280 1341 1484 1381 infinitivo
1529 1355 1605 1396 pro
1636 1341 1812 1396 impera-

361 1417 447 1456 tivo
477 1415 606 1455 utitur
636 1414 817 1454 maxime
847 1414 889 1453 in
930 1413 1156 1453 enuntiatis
1197 1412 1489 1468 hypotheticis)
1530 1426 1653 1466 quem
1692 1426 1813 1452 usum

361 1487 441 1526 iam
481 1485 593 1541 apud
634 1485 866 1526 Homerum
908 1483 1086 1524 inveniri
1117 1497 1249 1539 aeque
1279 1490 1423 1523 notum
1454 1490 1515 1524 est
1544 1488 1670 1537 atque
1699 1481 1812 1535 illud,

363 1572 387 1597 a
407 1557 520 1597 finali
551 1556 730 1597 nominis
760 1555 942 1595 verbalis
972 1555 1144 1594 notione
1176 1567 1269 1594 eum
1301 1568 1393 1594 esse
1422 1554 1668 1609 profectum.
1726 1552 1816 1593 189

361 1620 409 1677 ὃς
438 1622 493 1669 ἂν
521 1620 671 1669 αἰτῶι)
699 1629 883 1668 πλεῖστα
912 1621 1129 1679 κατάσχῃ,
1174 1628 1340 1666 τοῦτον
1381 1624 1708 1679 προσδέκεσθαί
1743 1638 1815 1664 τοι

360 1694 786 1754 ἐπαναστησόμενον.
848 1696 915 1738 III
936 1697 990 1738 35
1021 1690 1073 1751 ἢν
1103 1696 1149 1737 δὲ
1178 1690 1372 1750 ἁμάρτω,
1402 1691 1538 1748 φάναι
1567 1695 1738 1749 Πέρσας
1766 1710 1814 1735 τε

359 1770 501 1824 λέγειν
545 1762 715 1824 ἄληθὲα
759 1769 832 1809 καί
874 1783 927 1822 με
970 1763 1027 1822 μὴ
1071 1767 1353 1822 σωφρονέειν.
1426 1766 1489 1806 IV
1525 1766 1614 1806 126.
1683 1765 1718 1805 V
1748 1765 1813 1806 23.

360 1841 424 1881 VI
455 1843 521 1894 86,
556 1842 590 1881 1.
655 1840 740 1881 VII
773 1841 850 1881 159
881 1838 919 1880 εἰ
949 1832 1081 1893 δ’ἇρα
1110 1834 1160 1892 μὶ
1198 1839 1380 1886 δικαιοῖς
1411 1832 1645 1892 ἄρχεσθαι,
1686 1831 1738 1878 σὺ
1767 1835 1814 1877 δὲ

358 1912 463 1967 μηδὲ
493 1911 760 1967 βοηθέειυΙ).
819 1910 911 1950 209.

484 1983 645 2023 duobus
689 1981 789 2021 locis
835 1980 931 2020 huie
984 1979 1189 2020 infinitivo
1245 1978 1460 2034 praeeedit
1502 1978 1811 2032 imperativus:

361 2054 430 2095 III
465 2054 541 2094 134
570 2052 643 2094 ἐπὶ
673 2048 862 2100 Exi-ec&
897 2076 938 2080 —
973 2050 1085 2092 ἰέναι
1116 2049 1247 2092 ἔασον
1276 2075 1328 2079 ——
1358 2045 1410 2091 σὲ
1440 2050 1489 2090 δέ
1516 2064 1590 2103 μοι
1630 2048 1702 2090 ἐπὶ
1732 2042 1813 2102 τὴν

350 2117 537 2166 ζΕὶλάὸα
568 2119 887 2178 στρατεύεσθαι
919 2129 959 2162 et
988 2121 1027 2161 V
1057 2121 1121 2162 23.
1191 2122 1426 2177 promiscue
1455 2126 1709 2175 usurpantur
1738 2118 1812 2158 im-

362 2196 575 2250 perativus
614 2201 656 2235 et
692 2194 922 2234 infinitivus
962 2192 1031 2234 ΙΠ
1062 2194 1140 2234 155
1181 2188 1233 2234 σί-
1275 2192 1320 2232 d}
1354 2216 1398 2222 —
1432 2187 1568 2242 τάξον
1596 2215 1646 2221 -
1676 2186 1812 2241 τάξον

366 2291 409 2295 -
445 2267 686 2307 διαλείπειν
718 2289 761 2294 —
795 2260 978 2306 κάτισον
1012 2288 1055 2293 —
1088 2266 1225 2304 τοῖτο
1258 2262 1304 2304 δὲ
1334 2262 1412 2303 ἐᾶν
1442 2261 1565 2316 ἔχειν.

473 2339 498 2388 ξ
528 2337 566 2376 2.
639 2335 846 2378 Omnibus
886 2334 1170 2376 antecedentis
1215 2334 1469 2389 paragraphi
1510 2332 1712 2388 exemplis
1751 2331 1812 2371 in-

363 2408 547 2448 finitivus
578 2422 703 2447 sensu
733 2406 967 2461 imperativi
998 2405 1050 2445 ad
1081 2405 1256 2445 alteram
1289 2419 1512 2460 personam
1543 2409 1721 2459 spectat,
1761 2402 1813 2442 ad

363 2480 526 2519 tertiam
559 2477 739 2517 refertur
768 2491 892 2517 sensu
924 2476 1097 2531 optativi
1129 2475 1206 2516 hoe
1237 2475 1326 2515 1000
1358 2474 1395 2515 V
1420 2476 1496 2517 105
1527 2465 1563 2515 ὦ
1592 2476 1702 2524 Ζεῦ,
1746 2472 1812 2514 ἐκ·

362 2550 570 2604 γενέσθαι
597 2563 672 2600 μοι
704 2540 958 2602 Άθηυαίους
986 2547 1205 2588 τίσασθαι.

459 2770 484 2813 ¹)
513 2770 609 2802 Stein
635 2769 670 2800 in
696 2768 847 2800 editione
875 2769 997 2800 critica
1021 2768 1170 2812 βοήθεε,
1196 2766 1255 2799 sed
1280 2766 1440 2807 equidem
1459 2765 1646 2797 Baehrium
1664 2768 1812 2796 eeteros-

368 2838 434 2868 que
474 2827 623 2858 editores
661 2830 804 2857 secutus
839 2824 1016 2868 βοηθέειν
1050 2824 1239 2855 electione
1272 2823 1402 2854 codicis
1427 2823 1456 2852 R
1495 2822 1646 2853 seribere
1683 2821 1812 2861 malim,

367 2884 450 2924 quia
474 2887 513 2915 ut
538 2888 630 2914 1·οΟῒο
655 2883 768 2913 Baehr
792 2882 935 2913 adnotat
959 2882 1187 2923 imperativus
1213 2879 1463 2911 correctionem
1489 2879 1629 2910 redolet.
