2055 3387
900 376 953 417 55

202 505 461 545 enuntiatum
482 520 734 561 quamquam
765 508 807 547 in
829 505 1159 555 omnibuslibris
1180 507 1474 563 manuscriptis
1496 508 1648 562 legitur

201 575 322 616 valde
352 576 451 616 mihi
482 583 721 632 suspectum
751 583 826 628 est,
859 578 957 632 quia
979 577 1030 617 ad
1051 578 1131 617 tria
1150 577 1220 617 illa
1238 578 1431 632 exempla
1452 578 1646 632 pertinet,

195 647 237 686 in
269 647 416 702 quibus
446 648 552 702 πρίν
579 648 783 703 particula
813 653 906 702 post
937 648 1196 688 enuntiatum
1234 648 1476 702 primarium
1518 663 1644 704 nega-

197 716 328 757 tivum
357 732 449 758 cum
479 718 683 759 infinitivo
714 719 992 772 coniungitur.
1059 719 1196 773 atqui,
1239 724 1285 758 ut
1323 718 1432 759 infra
1471 718 1646 773 videbis,

196 787 363 842 reliquis
393 788 553 829 duobus
583 789 684 829 locis
714 789 835 830 facile
866 804 940 844 pro
972 789 1177 829 infinitivo
1210 790 1497 830 coniunctivus
1528 790 1644 831 resti-

197 858 255 897 tui
268 864 405 913 potest
419 873 542 913 quem
557 858 750 900 dictionis
765 859 1033 900 Herodoteae
1055 859 1216 900 indoles
1238 874 1408 914 prorsus
1429 860 1643 915 requirere

196 927 361 968 videtur
378 943 387 969 :
415 944 510 969 nam
528 930 810 984 quadraginta
827 936 1024 985 quattuor
1040 930 1138 970 locis
1158 936 1202 970 ut
1218 929 1396 970 vidimus
1414 931 1642 971 coniuncti-

196 1013 272 1039 vus
287 1001 458 1054 ponitur
473 1000 543 1041 ubi
560 1001 819 1041 enuntiatum
837 1001 1081 1056 primarium
1097 1002 1341 1055 negativum
1353 1007 1426 1041 est.
1450 1002 1646 1042 correctis

194 1071 323 1125 igitur
343 1071 420 1111 illis
452 1071 551 1112 locis
582 1078 761 1112 restaret
790 1071 869 1112 hoc
900 1087 1027 1112 unum
1053 1071 1289 1127 exemplum
1311 1071 1382 1112 ubi
1403 1071 1646 1112 Herodotus

197 1142 315 1196 quasi
332 1158 356 1183 a
387 1149 520 1183 semet
546 1144 637 1198 ipse
669 1142 891 1183 descivisse
921 1142 1146 1183 videretur.
1207 1142 1280 1183 sed
1302 1143 1360 1182 rei
1382 1143 1438 1183 ita
1459 1156 1534 1182 nos
1557 1157 1643 1183 suc-

197 1226 364 1253 currere
393 1227 514 1268 posse
543 1219 666 1268 puto7
709 1219 755 1253 ut
793 1219 926 1253 totum
956 1214 1216 1254 enuntiatum
1248 1227 1324 1269 pro
1355 1213 1644 1268 supplemento

195 1282 353 1323 librarii
396 1284 608 1324 cuiusdam
654 1299 677 1324 a
731 1298 857 1324 sensu
910 1285 1037 1324 totius
1098 1285 1180 1325 loci
1223 1284 1358 1324 alieno
1403 1284 1643 1324 habeamus.

197 1353 297 1409 quid
327 1355 437 1394 enim
468 1355 563 1395 novi
594 1369 647 1395 ex
676 1354 753 1395 hoc
785 1354 1069 1395 additamento
1092 1354 1320 1395 discimus‘?
1368 1354 1467 1394 nihil
1490 1354 1540 1394 de
1562 1368 1644 1409 quo

196 1439 280 1464 non
310 1426 392 1465 iam
425 1426 612 1465 oratione
644 1424 853 1466 Sandanis
896 1427 1093 1466 certiores
1135 1426 1235 1466 facti
1268 1426 1407 1465 simus.
1467 1439 1548 1479 quo
1578 1439 1642 1465 ac-

198 1494 307 1536 cedit
337 1495 449 1551 quod
481 1496 718 1536 coniunctio
747 1492 828 1552 γάρ
849 1511 932 1537 non
955 1496 1081 1537 habet
1101 1510 1183 1551 quo
1205 1496 1423 1536 referatur.
1482 1495 1647 1535 videtur

198 1574 337 1608 autem
368 1568 630 1608 enuntiatum
658 1573 845 1608 nostrum
877 1582 900 1607 a
930 1567 1098 1607 librario
1130 1566 1310 1621 quodam
1333 1567 1385 1606 ad
1413 1565 1646 1620 marginem

196 1638 453 1693 adscriptum
496 1652 589 1678 esse
632 1638 683 1678 ad
728 1638 858 1678 verba
902 1636 1110 1678 Sandanis
1168 1637 1211 1678 οἳ
1264 1638 1467 1685 σκυτίνας
1513 1651 1646 1690 usque

199 1702 279 1751 οὗκ
307 1703 415 1751 ἄλλο
445 1702 622 1762 α’γαθὸν
652 1702 782 1750 οὖὸἐν
804 1708 1090 1749 confirmanda
1112 1714 1236 1762 atque
1258 1714 1405 1763 postea
1424 1707 1465 1747 in
1487 1712 1646 1747 textum

196 1780 416 1836 irrepsisse
434 1779 480 1833 1).

306 1857 444 1891 cetera
487 1850 710 1906 exempla,
756 1864 932 1904 quorum
979 1849 1145 1905 quiden]
1193 1849 1407 1890 enuntiata
1449 1848 1648 1904 primaria

197 1922 422 1975 negatione
464 1928 608 1962 carent
646 1922 703 1961 ita
742 1927 983 1976 comparata
1014 1927 1130 1973 sunt,
1162 1927 1206 1961 ut
1236 1921 1270 1960 si
1298 1921 1340 1960 in
1371 1919 1594 1960 enuntiatis
1623 1934 1647 1959 a

197 1993 314 2047 πρὶν,
344 1993 451 2047 πρὶν
481 1986 520 2047 ἦ,
549 1988 772 2047 πρότερον
801 1986 827 2032 1)”
857 1992 1150 2047 incipientibus
1196 1990 1247 2032 de
1281 1991 1407 2032 rebus
1448 1990 1645 2045 perfectis

197 2064 348 2117 agitur,
379 2064 418 2103 in
450 2064 734 2103 enuntiatione
764 2063 960 2118 primaria
992 2077 1098 2117 quae
1129 2069 1200 2102 aut
1240 2061 1449 2103 antecedit
1478 2067 1548 2102 aut
1584 2075 1644 2101 se-

198 2135 337 2188 quitur
366 2140 437 2174 aut
464 2134 757 2189 imperfectum
787 2140 968 2188 ponatur
997 2140 1068 2174 aut
1096 2148 1294 2188 praesens
1317 2139 1386 2173 aut
1406 2132 1644 2187 plusquam-

196 2204 427 2259 perfectum
460 2220 468 2244 :
500 2205 703 2260 imperf.
736 2205 756 2245 I
787 2205 972 2259 76·.πρὶι)
1001 2205 1045 2246 δὲ
1077 2200 1325 2255 ἐξελαύνειν
1354 2198 1537 2258 ὁρμῆσαι
1566 2198 1647 2242 τὸν

198 2272 401 2330 στρατόν,
431 2276 609 2329 πέμψας
639 2272 832 2330 κήρυκας
869 2275 913 2324 ἐς
955 2273 1060 2324 τοὺς
1084 2270 1233 2324 Ἴωνας
1272 2269 1480 2329 ἐπειρᾶτό
1511 2286 1646 2325 σφεας

197 2338 286 2387 ἀπὸ
316 2348 511 2401 Κροίσου
541 2340 789 2388 (Ξπιστάιάι.
847 2346 893 2387 lI
923 2348 958 2387 2.
1018 2346 1079 2386 IV
1114 2348 1147 2386 1.
1182 2347 1270 2386 147.
1330 2344 1393 2384 VI
1428 2345 1513 2385 119.
1558 2342 1645 2383 VII

198 2416 262 2456 94.
322 2416 432 2458 VIII
461 2419 525 2459 59.
584 2417 650 2457 IX
683 2419 743 2458 13.
780 2418 882 2469 1013
913 2431 1043 2471 prae
1063 2432 1093 2457 s.
1126 2433 1133 2457 :
1164 2415 1228 2457 IV
1257 2416 1310 2457 93
1338 2417 1444 2470 πρὶν
1473 2414 1519 2456 δὲ
1548 2407 1645 2455 (ἔπι-

200 2486 359 2528 κὲσθαι
390 2487 461 2529 ἐπὶ
491 2483 572 2529 τὸν
596 2482 783 2541 Ἴστρον,
813 2484 1020 2541 πρώτους
1052 2487 1187 2541 αἱρέει
1216 2487 1357 2535 Γέτας
1390 2481 1494 2534 τοὺς
1534 2478 1644 2526 (ἔθα-

199 2558 467 2610 νατίζουτας.
498 2558 543 2599 II
558 2559 623 2599 44.
653 2558 721 2599 IX
742 2560 811 2612 163
844 2558 1079 2599 aoristus
1102 2573 1110 2598 z
1132 2557 1195 2597 IV
1216 2558 1292 2598 179
1318 2559 1423 2611 πρὶν
1453 2556 1498 2598 δὲ
1527 2572 1644 2597 κατι-

199 2628 353 2669 δέσθαι
381 2632 482 2683 γῆν,
513 2629 560 2671 ἐν
588 2638 701 2671 τοῖσι
731 2625 908 2684 βράχεσι
936 2629 1144 2683 γενέσθαι
1186 2630 1336 2683 λίμνης
1376 2630 1452 2681 τῖς
1487 2630 1644 2681 Τριτω-

293 2749 318 2793 1)
346 2752 389 2782 cf.
415 2752 570 2792 Bredow,
596 2752 638 2783 de
664 2751 812 2782 dialecto
836 2750 1035 2782 IIerodotca
1060 2761 1091 2791 p.
1120 2751 1159 2781 19
1187 2762 1194 2781 z
1226 2748 1324 2781 aliud
1359 2749 1428 2780 iam
1462 2748 1646 2789 interpola-

199 2805 301 2838 tionis
323 2818 428 2848 9011118
455 2813 531 2839 811111
563 2806 695 2839 scholia
732 2812 760 2838 et
792 2807 1011 2847 ylossemata,
1049 2816 1134 2847 quae
1160 2817 1196 2838 eo
1220 2805 1438 2848 frequentius
1462 2805 1498 2836 in
1522 2810 1647 2836 1093111111

199 2862 308 2893 nostri
346 2863 521 2904 scriptoris
554 2874 620 2905 pro
659 2863 814 2905 ycozuin‘is
851 2862 957 2909 gerbis
998 2862 1175 2903 'irrepsisse
1207 2861 1434 2904 escspectamla
1463 2867 1551 2902 sunt,
1582 2872 1647 2901 quo

201 2917 308 2959 massis
332 2929 406 2950 eum
425 2919 567 2961 proprie
589 2919 820 2961 ylossematico
844 2918 978 2951 dicendi
998 2929 1116 2961 ywere
1140 2930 1239 2951 usum
1263 2929 1332 2951 csse
1356 2923 1506 2950 constat..
