2055 3387
316 580 618 620 nominativum
657 594 740 620 non
787 579 919 619 solum
960 578 1180 633 primariae
1210 590 1416 632 personae
1449 568 1644 629 (αὐτός),
1690 574 1763 615 sed

317 650 440 691 etiam
473 650 742 690 secundariae
777 648 839 701 (οἱ
868 648 915 700 ἐξ
943 641 1098 701 aizoo)
1130 648 1182 689 ab
1213 646 1429 687 Herodoto
1460 647 1640 701 positum
1671 659 1763 686 esse

316 721 437 773 dicat,
470 735 551 776 quo
574 720 777 762 Croesum
801 721 972 774 eiusque
994 725 1184 775 posteros
1204 717 1420 774 appellans
1442 722 1570 757 totam
1593 716 1761 758 domum

314 792 402 833 sive
433 791 665 846 dynastiam
698 790 926 844 significet,
968 796 1093 844 atque
1131 789 1240 828 hanc
1278 788 1329 828 ob
1371 802 1537 828 causam
1582 787 1762 827 eundem

315 864 439 903 etiam
497 877 636 902 casum
696 868 904 902 retentum
965 875 1079 912 esse3
1140 874 1221 914 quo
1277 864 1433 899 mutato
1480 858 1761 898 diversitatem

315 932 522 988 quandam
562 933 671 973 inter
701 932 904 973 Croesum
937 937 977 971 et
1007 931 1094 970 eius
1123 935 1314 985 posteros
1345 929 1566 981 exstitisse,
1597 928 1761 983 qualem

312 1002 555 1043 Herodotus
599 1002 767 1042 minime
809 1001 1020 1042 declarare
1052 1000 1241 1040 voluerit.
1315 1000 1455 1054 itaque
1486 998 1635 1040 Cobeti
1667 1013 1762 1039 con-

317 1073 472 1114 iectura
502 1088 625 1128 quam
659 1073 872 1128 proposuit
901 1086 1008 1112 varr.
1040 1071 1150 1112 lectt.
1172 1086 1212 1126 p.
1233 1071 1282 1113 91
1316 1064 1418 1112 οὗδὲ
1447 1065 1552 1119 τοῖς
1582 1069 1628 1121 ἐξ
1656 1068 1763 1111 ἑκεί-

314 1160 394 1186 νου
423 1145 658 1184 necessaria
687 1158 772 1183 non
803 1149 879 1183 est.

425 1236 614 1277 faciliora
659 1242 756 1276 sunt
799 1235 904 1276 haec
949 1235 1140 1290 exempla
1173 1250 1180 1274 :
1212 1233 1231 1274 I
1260 1234 1286 1274 2
1314 1230 1420 1283 τοὶς
1450 1233 1496 1275 δὲ
1526 1227 1762 1288 ὑποκρίνα-

313 1311 420 1350 σθαι
450 1300 509 1356 ὡς
540 1299 642 1348 οὗὸὲ
671 1305 832 1347 ἐκεῖνοι
861 1299 965 1354 Ἰοῦς
994 1308 1070 1360 τῆς
1121 1298 1293 1359 Ἀργείης
1333 1300 1490 1346 ἔδοσάν
1529 1318 1605 1356 σςιι
1643 1304 1763 1352 δίκας

312 1382 388 1433 τῆς
417 1372 633 1432 ἁρπαγῗς·
666 1370 768 1419 οἶδὲ
800 1367 862 1418 ὧν
882 1370 1011 1418 αὐτοὶ
1032 1372 1189 1417 δώσειν
1210 1375 1426 1417 ἐκείνοισι.
1486 1375 1537 1415 cf.
1556 1375 1600 1416 II
1619 1376 1695 1416 118
1714 1375 1760 1427 1).

315 1450 389 1490 141
422 1450 494 1490 καί
525 1447 567 1490 οἱ
598 1444 720 1499 δόξαι
750 1447 798 1489 ἐν
826 1450 878 1501 τῇ·
909 1442 989 1501 ὄψι
1021 1443 1260 1489 ἐπιστάντα
1290 1442 1371 1488 τὸν
1391 1442 1503 1488 θεὸν
1522 1441 1764 1501 θιιρσίνειν

314 1514 373 1569 ὡς
403 1513 533 1561 οὗὸὲν
562 1520 759 1561 πείσεται
790 1512 918 1573 ἄχαρι
947 1511 1167 1570 ιῖντιιὲζιον
1195 1513 1276 1559 τὸν
1309 1510 1517 1572 Ἀραβίων
1546 1512 1763 1571 στρατόν’

316 1584 451 1639 αὐτὸς
480 1586 562 1645 γάρ
594 1588 635 1631 οἱ
664 1589 906 1643 πέμψεινῗ)
938 1585 1168 1643 τιμωρούς.
1218 1588 1306 1630 162.
1376 1588 1438 1629 IV
1470 1590 1530 1629 15.
1603 1603 1656 1628 ex
1699 1587 1762 1627 his

316 1661 508 1702 omnibus
540 1660 742 1715 exemplis
774 1660 908 1700 elucet
936 1660 1239 1701 nominativum
1280 1674 1373 1700 cum
1404 1659 1606 1699 infinitivo
1638 1660 1762 1699 etiam

318 1731 370 1772 ab
400 1730 602 1771 infinitivo
634 1730 817 1784 pendere
855 1729 924 1784 qui
964 1730 1052 1785 ipse
1096 1745 1170 1785 pro
1202 1730 1329 1770 verbo
1359 1730 1476 1779 finito
1506 1730 1666 1785 positus
1698 1730 1761 1769 sit.

423 1823 712 1863 exscribantur
743 1824 866 1864 etiam
888 1823 990 1863 haec
1020 1823 1083 1864 IV
1104 1824 1157 1864 43
1187 1817 1454 1877 ἀπικόμενος
1492 1818 1611 1877 παρὰ
1646 1826 1763 1875 βασι-

317 1894 394 1936 λείι
426 1892 590 1947 Ξέρξεα
612 1892 727 1947 ἔλεγε
761 1889 846 1946 ([ὰς
874 1890 928 1935 τὰ
957 1890 1236 1949 προσωτάτω
1266 1888 1536 1949 ιῖνθρώπους
1559 1889 1764 1949 σμικροὺς

316 1965 590 2019 παραπλέειν
621 1999 628 2006 .
662 1999 668 2006 .
702 1999 708 2006 .
741 1958 868 2006 ιιῧτοὶ
898 1965 943 2006 δὲ
973 1958 1161 2007 ιῖὁίκεέιν
1191 1959 1321 2007 σι’-ὁὲν
1350 1962 1543 2014 ἐσιόντες
1564 1973 1602 2006 et
1623 1964 1689 2005 IX
1709 1966 1763 2006 90

322 2029 503 2084 εὗπετὲς
533 2050 580 2076 τε
613 2028 783 2077 ιιῦτοῖσι
815 2035 897 2091 ἴση
926 2039 1064 2077 τιιῖτα
1094 2038 1316 2091 γίνεσθαι·
1352 2032 1431 2085 τάς
1467 2052 1512 2078 τε
1553 2032 1633 2090 γὰρ
1663 2035 1763 2084 νείις

315 2099 467 2148 αἰτῶν
489 2109 634 2155 κακῶς
650 2107 800 2148 πλέειν
815 2108 887 2148 καὶ
907 2100 989 2148 oriz
1005 2100 1267 2161 ιῖξιομιὲχοτς
1282 2109 1463 2149 κείνοισι
1483 2105 1604 2149 εἶναι.
1636 2099 1764 2148 (ιίτοί

314 2193 374 2227 τε,
392 2176 432 2218 εἴ
441 2192 484 2217 τι
499 2170 670 2218 ὗποπτε
680 2173 729 2218 ιό
738 2191 801 2219 υσι
817 2173 873 2232 μὴ
888 2174 1006 2232 δόλῳ
1023 2171 1183 2227 αὖτοὺς
1197 2175 1450 2233 προάγοιεν,
1469 2176 1634 2232 ἕτοιμοι
1653 2174 1763 2218 εἶναι

314 2271 361 2276 —
395 2241 549 2301 ὅμηροι
579 2245 701 2289 εἶναι.
760 2248 930 2303 pluralis
961 2250 1070 2288 enim
1099 2264 1296 2289 numerus
1317 2249 1379 2289 his
1401 2249 1604 2304 exemplis
1626 2254 1761 2288 exstat

314 2323 407 2371 post
438 2318 551 2357 verbi
581 2318 683 2358 finiti
716 2318 982 2373 singularem,
1014 2320 1123 2359 unde
1156 2320 1386 2374 explicatur
1408 2319 1520 2374 quod
1551 2319 1590 2359 in
1622 2319 1760 2374 priore

316 2387 507 2442 exemplo
549 2394 714 2442 praeter
753 2403 846 2429 eum
886 2390 955 2443 qui
999 2389 1180 2444 loquitur
1211 2389 1474 2445 (Sataspem)
1506 2390 1628 2431 etiam
1661 2389 1759 2428 socii

408 2617 434 2660 ¹)
460 2619 512 2650 De
538 2618 604 2650 hoc
628 2619 704 2650 loco
731 2619 775 2650 cf.
801 2619 927 2652 Sti-uve
953 2620 1080 2662 Opusc.
1105 2620 1139 2652 II
1162 2630 1196 2662 p.
1223 2623 1298 2653 121.

404 2683 431 2727 2)
461 2686 547 2717 Cum
586 2685 705 2717 codice
740 2686 769 2717 R
808 2690 841 2718 et
878 2686 959 2718 edit.
984 2686 1061 2719 Ald.
1099 2685 1265 2730 πέμψειν
1301 2688 1521 2720 scribendum
1558 2692 1652 2730 puto,
1688 2700 1756 2721 non

316 2740 457 2785 πέμψει
485 2743 577 2784 quod
603 2754 619 2775 e
646 2743 771 2775 ceteris
789 2743 969 2776 codicibus
983 2744 1079 2776 Stein
1103 2744 1139 2775 in
1164 2748 1299 2776 textum
1316 2746 1456 2787 recepit,
1481 2746 1609 2777 iniuria
1626 2746 1757 2788 opinor,

313 2810 393 2830 nam
431 2799 505 2831 sine
543 2799 650 2831 dubio
689 2800 881 2832 infinitivus
919 2805 1036 2832 nostro
1061 2801 1137 2833 loco
1164 2801 1380 2834 desideratur
1403 2806 1543 2844 proptor
1567 2803 1757 2834 orationem

313 2855 500 2896 obliquam.
550 2867 662 2897 neque
688 2857 849 2889 Abichtii
874 2857 1082 2898 scripturam
1107 2855 1255 2900 πέμψαι
1274 2858 1504 2900 probaverim,
1531 2859 1613 2900 quia
1630 2858 1756 2890 nonde

313 2922 349 2943 re
374 2912 443 2944 iam
469 2913 573 2953 facta,
599 2913 657 2944 scd
682 2913 723 2945 de
749 2914 867 2945 futura
892 2913 1018 2955 agitur.
