2055 3387
949 325 972 366 7

235 456 462 511 respiciens
505 455 556 497 ad
587 455 651 497 IV
681 456 759 510 99,
796 456 867 497 ubi
906 457 1083 513 legimus
1122 452 1181 508 ῶς
1209 455 1320 500 εἶναι
1358 459 1404 512 (i.
1434 472 1468 498 e.
1500 458 1679 514 ἐξεῖναι)

234 530 479 581 συμβαλεῖν.

341 597 522 653 denique
563 612 662 638 usus
701 597 824 639 valde
864 598 1086 652 singularis
1126 599 1318 640 infinitivi
1363 600 1542 642 absoluti
1586 616 1679 642 cum

232 663 292 718 ὡς
345 669 548 725 particula
593 668 799 709 coniuncti
858 669 968 724 apud
1014 669 1279 710 Herodotum
1321 672 1545 713 invenitur.
1618 678 1681 713 est

233 740 343 781 enim
384 740 515 780 tribus
556 740 657 780 locis
698 739 929 780 infinitivus
973 737 1084 782 εἶναι
1123 740 1265 782 addita
1306 743 1507 796 particula
1537 736 1595 792 ῶς
1624 743 1681 784 ita

232 817 467 866 usurpatus,
497 817 542 851 ut
572 825 621 851 ea
651 825 759 866 quae
790 817 1013 851 narrantur
1043 825 1126 851 non
1156 811 1198 851 in
1229 812 1470 853 universum
1500 813 1680 865 valeant,

232 882 305 923 sed
335 883 393 923 ita
421 888 603 934 tantum,
644 888 688 922 ut
729 881 781 921 ad
821 887 955 922 certas
998 881 1199 936 quasdam
1243 897 1446 938 personas
1487 889 1557 924 aut
1592 898 1679 924 rem

233 960 484 994 revocentur
513 955 654 1009 itaque
693 954 814 1008 quasi
854 954 1167 1008 restringantur
1211 960 1251 994 et
1292 954 1679 995 circumcidantur:

235 1025 282 1066 II
313 1025 337 1066 8
366 1021 418 1068 τὸ
450 1016 513 1067 ῶν
554 1021 605 1080 δὴ
643 1018 729 1066 cim}
766 1019 912 1066 Ἡλίου
954 1020 1111 1073 πόλιος
1142 1017 1290 1066 οὖκέτι
1318 1021 1490 1067 πολλὸν
1516 1027 1681 1081 χῶριόν

233 1091 291 1146 ὡς
320 1094 430 1138 εἶναι
459 1091 690 1150 Αἰγύπτου
720 1097 746 1136 i.
777 1109 812 1135 e.
853 1095 966 1151 reyio
994 1111 1077 1136 non
1103 1095 1288 1151 amplius
1317 1097 1507 1151 spatiosa
1537 1105 1605 1150 est,
1636 1105 1681 1138 ut

231 1169 286 1209 5·ιί
315 1167 501 1224 Aegypti
528 1166 577 1220 (s.
608 1181 713 1221 quae
742 1167 929 1223 Aeyypti
962 1181 1046 1207 esse
1088 1167 1290 1221 censetur)
1323 1183 1354 1207 s.
1385 1183 1467 1208 non
1497 1168 1681 1224 amplius

231 1239 276 1280 in
306 1237 571 1279 latitudinem
600 1237 772 1278 multum
798 1246 913 1293 patet
939 1253 1018 1292 pro
1047 1237 1213 1293 reliqua
1246 1239 1430 1295 Aeyypti
1455 1237 1681 1280 latitudine

233 1309 424 1363 (Baehr).
496 1309 540 1350 II
573 1310 649 1351 135
692 1302 718 1363 ἡ
757 1303 967 1358 Ῥοδῶπις
1011 1305 1300 1365 ἐλευθερώθη
1344 1334 1396 1339 -—
1426 1311 1498 1351 καὶ
1540 1306 1680 1365 κάρτα

231 1376 532 1435 ἐπαφρόδιτος
573 1380 786 1435 γενομείη]
829 1376 994 1434 μεγάλα
1039 1376 1254 1435 ἐκτήσατο
1296 1377 1495 1436 χρήματα
1538 1375 1597 1430 ῶς
1626 1375 1681 1423 ἂν

235 1449 347 1494 εἶναι
371 1445 570 1493 Ῥοδώπι.
630 1451 685 1492 ita
715 1450 831 1493 Stein
864 1450 947 1505 (ed.
981 1451 1091 1505 crit.)
1123 1451 1350 1492 seeundum
1383 1450 1680 1504 Schaeferum3

235 1523 368 1564 codex
390 1522 429 1563 R
449 1522 623 1578 praebet
646 1516 873 1573 Ῥοδῶπιν,
897 1516 1112 1564 Ῥοδῶπιν
1134 1523 1260 1563 ceteri
1282 1522 1443 1564 codices
1461 1538 1470 1575 3
1500 1523 1680 1565 Valcke-

232 1608 333 1634 naer
377 1593 554 1634 coniecit
592 1587 843 1644 Ῥοδώπιος,
886 1589 999 1635 κατὰ
1023 1587 1237 1635 Ῥοδῶπιν
1263 1593 1433 1634 Reiske.
1504 1593 1678 1635 Valcke-

233 1665 337 1705 narii
369 1665 666 1716 coniecturam,
699 1678 822 1719 quam
854 1664 971 1707 Stein
1002 1665 1044 1704 in
1073 1665 1212 1720 priore
1244 1664 1423 1705 editione
1453 1664 1678 1706 a111111856

232 1735 508 1790 probaverat,
550 1735 723 1789 Kriiger
762 1736 802 1775 in
843 1740 1005 1775 textum
1045 1735 1205 1790 recepit
1248 1729 1302 1777 ἂν
1331 1735 1534 1790 particula
1562 1736 1680 1776 uncis

231 1806 402 1847 inclusa.
463 1805 536 1847 sed
567 1819 728 1846 errasse
768 1805 869 1846 mihi
899 1806 1095 1846 videntur
1123 1805 1392 1847 Valckenaer
1422 1812 1461 1846 et
1491 1805 1677 1860 Kriiger.

231 1893 328 1918 nam
359 1883 501 1917 noster
530 1876 645 1917 locus
674 1891 842 1932 prorsus
873 1891 957 1917 non
989 1876 1128 1917 differt
1164 1877 1215 1918 ab
1254 1877 1345 1930 illo7
1389 1891 1513 1932 quem
1554 1883 1678 1918 antea

230 1948 360 1989 attuli.
420 1948 525 1988 sicut
556 1947 664 1987 enim
695 1947 778 1987 illic
800 1946 1031 1988 subiectum
1052 1961 1135 1988 non
1157 1953 1343 1988 mutatur
1362 1972 1414 1976 ——
1434 1953 1529 2003 post
1548 1948 1678 1988 verba

231 2019 339 2060 enim
372 2012 430 2068 ὡς
461 2015 572 2060 εἶναι
602 2032 685 2058 vox
704 2019 871 2073 χῶριόν
901 2017 1134 2074 supplenda
1157 2024 1220 2059 est
1242 2043 1290 2048 —
1312 2019 1370 2059 ita
1390 2019 1513 2059 etiam
1535 2024 1677 2059 nostro

231 2090 321 2130 loco
353 2089 529 2130 subiecti
563 2088 783 2129 diversitas
812 2089 926 2129 nulla
956 2095 1111 2146 exstat3
1152 2095 1193 2130 et
1223 2089 1328 2129 sicut
1356 2089 1446 2130 aliis
1476 2089 1677 2144 exemplis

232 2160 461 2200 subiectum
490 2159 685 2200 infinitivi
715 2159 892 2200 absoluti
922 2160 1184 2200 accusativus
1216 2166 1279 2200 est
1309 2159 1379 2213 (cf.
1408 2161 1576 2215 supra),
1619 2161 1678 2200 ita

232 2237 376 2272 nostro
412 2231 504 2271 loco
536 2230 779 2271 scribendus
810 2230 997 2283 videtur,
1039 2230 1391 2285 quemadmodum
1422 2231 1546 2272 etiam
1575 2230 1676 2271 illud

230 2303 396 2357 χωρίον
440 2308 535 2356 post
564 2317 601 2341 v.
634 2299 745 2343 εἶναι
773 2301 1051 2357 supplendum
1082 2302 1344 2342 accusativus
1375 2308 1450 2342 est.
1511 2303 1544 2342 si
1574 2317 1675 2343 vero

235 2372 501 2413 Valckenarii
543 2378 583 2412 et
623 2372 812 2426 Kriigeri
850 2372 1130 2413 coniecturam
1176 2373 1463 2428 amplecteris,
1504 2373 1675 2413 mutatio

232 2443 408 2484 subiecti
437 2443 545 2483 iusta
574 2448 672 2496 eget
703 2444 987 2483 excusatione.
1056 2449 1241 2484 ceterum
1286 2458 1369 2484 non
1413 2459 1570 2499 magna
1613 2450 1676 2485 est

233 2514 450 2554 diversitas
467 2527 613 2553 sensus
629 2512 739 2553 illius
757 2519 799 2553 et
814 2519 982 2554 nostrae
1003 2513 1201 2566 lectionis,
1223 2515 1301 2554 nisi
1319 2515 1430 2570 quod
1448 2516 1480 2555 si
1496 2515 1676 2570 legimus

225 2579 477 2635 Ῥοδώπιος,
506 2584 734 2625 maximum
766 2585 928 2639 pondus
959 2590 1021 2625 est
1043 2585 1086 2625 in
1116 2585 1255 2626 verbis
1284 2581 1450 2641 μεγάλα
1477 2582 1677 2641 χρίματα

231 2672 327 2712 opes
367 2672 567 2713 maquas,
610 2664 655 2697 ut
684 2655 951 2711 Rhodopidz's
980 2656 1058 2711 (sic
1093 2658 1221 2697 vertit
1249 2656 1387 2710 Reiz),
1431 2657 1493 2697 sin
1534 2664 1674 2698 autem

224 2721 440 2770 Ῥοδῶπιν
477 2728 697 2768 lectionem
738 2727 964 2784 probamus
976 2760 986 2780 ‚
1027 2729 1158 2769 maior
1197 2728 1259 2769 vis
1296 2729 1406 2769 inest
1433 2729 1474 2769 in
1505 2730 1676 2769 notione

230 2799 373 2840 verbi:
402 2807 446 2840 ut
465 2814 570 2854 quae
584 2799 802 2855 Rhodopz's
832 2808 932 2841 esset
955 2815 1131 2856 maynas
1147 2799 1354 2855 pecunias
1382 2800 1467 2841 sibi
1488 2800 1676 2855 paravit,
