2055 3387
251 505 323 546 inf.
363 518 498 560 praes.
530 519 538 544 :
580 503 601 543 I
632 503 721 544 112.
756 503 844 544 166.
903 501 948 542 II
980 503 1040 542 14.
1073 503 1136 542 22.
1167 502 1231 543 95.
1265 502 1354 542 147.
1389 502 1476 543 181.
1535 499 1604 541 III
1633 501 1698 541 23.

251 577 316 617 57.
351 576 438 616 137.
471 574 510 614 V
542 575 604 615 19.
636 573 699 614 VI
731 575 792 614 11.
837 572 921 613 VII
949 574 1013 614 51.
1051 573 1136 614 102.
1170 573 1259 614 104.
1295 573 1382 613 172.
1428 570 1535 611 VIII
1565 572 1631 622 68,
1661 572 1699 611 2.

257 647 344 699 140,
380 648 413 686 1.
447 646 535 697 140,
567 646 603 685 2.
662 644 735 684 inf.
772 658 856 684 aor.
889 658 898 683 ε
945 643 965 683 Ι
996 644 1059 684 29.
1092 643 1156 683 67.
1190 643 1255 684 91.
1313 641 1359 682 Π
1392 643 1452 683 19.
1488 643 1577 683 140.
1634 641 1699 683 III

256 717 316 757 10.
346 717 411 758 28.
439 717 503 758 58.
537 715 600 756 72.
631 715 694 756 73.
728 715 817 756 152.
885 713 948 756 IV
980 714 1042 755 16.
1075 714 1138 754 46.
1171 715 1235 754 81.
1270 713 1357 753 102.
1391 713 1478 753 134.
1516 713 1601 753 192.
1662 711 1699 750 V

252 788 316 828 97.
377 786 439 827 VI
469 787 506 828 9.
537 787 587 827 91
620 786 694 826 bis.
730 787 817 826 109.
877 784 962 825 VII
993 786 1029 837 8,
1061 785 1098 824 3.
1129 785 1194 824 51.
1228 784 1318 824 168.
1349 783 1444 824 212.
1503 782 1614 823 VIII
1638 782 1698 822 19.

241 859 316 899 79.
352 859 439 898 121.
474 858 561 898 138.
621 857 687 897 hic
727 871 828 896 ansa
866 855 1088 911 praebetur
1128 853 1365 909 disputandi
1397 853 1449 893 de
1478 853 1568 893 loco
1600 867 1698 907 quo-

253 929 348 969 dam
391 929 463 983 qui
499 934 635 968 exstat
671 926 735 967 III
767 927 821 967 34
863 925 1005 981 εἴρετο
1036 920 1270 979 Καμβύσης
1295 920 1419 972 κοῖός
1456 940 1521 972 τις
1551 923 1699 964 δοκέοι

251 993 359 1055 ἁνὴρ
389 997 500 1041 εἶναι
527 994 640 1053 πρὸς
668 994 748 1039 τὸν
776 998 946 1052 πατέρα
974 997 1146 1038 τελέσαι
1176 998 1338 1050 Κῦρον.
1406 994 1579 1036 τελέσαι
1611 993 1701 1033 infi-

253 1071 406 1110 nitivus
450 1071 493 1110 in
554 1069 765 1109 codicibus
800 1069 953 1122 legitur
1000 1083 1047 1107 ac
1091 1066 1319 1107 secundum
1360 1065 1606 1120 Kriigerum
1644 1066 1699 1118 (a.

253 1141 291 1181 h.
327 1141 372 1192 l.)
415 1140 571 1196 pendet
609 1155 632 1180 a
675 1154 777 1179 voce
807 1147 930 1187 κοῖος
959 1153 1089 1178 sensu
1119 1137 1350 1193 verylz'chen
1379 1137 1465 1177 mit.
1524 1135 1699 1176 eandem

253 1211 596 1266 significationem
629 1210 708 1250 iam
741 1216 864 1250 antea
893 1208 1271 1261 Schweighaeuser
1309 1214 1350 1247 et
1380 1207 1520 1247 Baehr
1549 1214 1701 1247 statue-

253 1289 362 1322 runt.
457 1281 530 1321 sed
575 1287 848 1336 praetequam
895 1279 1007 1334 quod
1050 1279 1278 1319 infinitivus
1321 1278 1493 1319 τελέσαι
1536 1277 1701 1329 longius

252 1353 372 1393 abest
401 1368 425 1393 a
454 1367 556 1392 voce
586 1360 709 1400 κοῖος
739 1366 864 1406 quam
893 1357 937 1390 ut
967 1351 1018 1390 ab
1065 1364 1114 1390 ea
1152 1349 1337 1406 pendere
1379 1350 1533 1404 possit,
1574 1349 1701 1389 offen-

251 1423 408 1463 sionem
440 1422 614 1478 praebet
643 1422 822 1462 formula
870 1421 1037 1462 τελέειν
1079 1417 1194 1475 πρός
1235 1436 1334 1462 τινα
1376 1420 1607 1476 (pervenire
1644 1419 1703 1459 ad

253 1493 366 1549 alqd.
388 1509 419 1534 s.
450 1494 575 1548 alqm.
608 1493 923 1548 aequiparare).
984 1494 1041 1533 ita
1072 1493 1153 1532 iam
1187 1492 1340 1546 Steger
1369 1492 1410 1531 in
1441 1490 1702 1546 praefatione

253 1580 291 1620 p.
307 1564 422 1605 XIII
444 1565 616 1615 dubitat,
638 1579 737 1604 num
760 1564 936 1619 simplex
956 1563 1123 1604 τελέειν
1144 1562 1255 1617 quod
1280 1577 1372 1602 cum
1394 1562 1702 1616 praepositione

254 1635 314 1683 εἰς
337 1636 603 1675 coniunctum
622 1635 759 1675 valeat
778 1635 944 1689 referri,
975 1634 1135 1675 censeri
1147 1634 1253 1674 inter
1271 1635 1383 1674 viros
1400 1634 1462 1685 (ut
1480 1632 1523 1672 II
1540 1633 1605 1672 51.
1638 1631 1702 1672 VI

257 1707 351 1756 108)
381 1705 616 1759 significare
646 1706 779 1760 possit
801 1706 1022 1760 pervenire
1043 1703 1103 1744 ad
1122 1703 1249 1758 alqd„
1281 1705 1571 1758 aequiparare.
1603 1702 1701 1742 mihi

254 1775 421 1831 quidem
452 1776 816 1830 persuasissimum
848 1782 910 1815 est
938 1775 1112 1815 verbum
1143 1774 1315 1816 τελέσαι
1337 1780 1577 1828 corruptum
1609 1786 1700 1812 esse

255 1853 296 1887 et
324 1846 366 1886 id
397 1845 564 1900 quidem
597 1861 648 1886 ex
678 1845 900 1901 participio
931 1845 1169 1886 τελέσαντα
1201 1844 1312 1899 quod
1334 1845 1366 1883 si
1389 1844 1576 1897 legimus,
1599 1843 1700 1883 nihil

254 1917 365 1971 quod
396 1916 580 1956 offendat
599 1916 874 1971 relinquitur:
894 1916 1179 1971 z'nterroyabat
1208 1931 1274 1956 eos
1298 1914 1529 1969 Cambyses,
1561 1914 1701 1969 qualis

252 1989 342 2043 r{pse
369 1988 436 2028 vir
465 2002 548 2028 esse
576 1986 785 2028 videretur
813 2002 903 2028 cum
930 1996 1052 2042 patre
1080 1995 1238 2027 mortuo
1271 1985 1378 2039 Cyro
1407 1985 1644 2026 collocatus.

362 2061 387 2110 ξ
416 2058 480 2100 46.
540 2058 665 2113 Apud
704 2058 967 2098 substantiva
1010 2057 1118 2097 hunc
1155 2057 1407 2096 infinitivum
1447 2071 1528 2096 non
1560 2057 1700 2096 inveni

253 2130 329 2169 nisi
360 2128 423 2169 VI
456 2128 531 2168 112
561 2125 738 2181 φόβος
776 2122 959 2170 (bootem
990 2135 1034 2171 et,
1058 2127 1120 2167 IV
1151 2128 1204 2168 64
1245 2128 1486 2180 χλαίνας
1529 2126 1699 2168 ἐπείνυ-

253 2203 360 2241 σθαι
388 2201 574 2241 nostiae.
626 2213 733 2254 quae
764 2201 873 2240 enim
906 2200 1101 2253 leguntur
1122 2198 1165 2239 II
1191 2198 1265 2239 137
1288 2192 1422 2252 ἡδουὴ
1453 2198 1498 2239 δὲ
1528 2197 1701 2239 ἰδέσθαι

254 2264 384 2312 οὐδὲν
412 2266 577 2312 τούτου
592 2273 771 2324 μᾶλλον,
795 2269 870 2310 sub
894 2269 971 2309 hoc
992 2283 1126 2322 genus
1148 2283 1232 2309 non
1256 2268 1422 2321 cadunt,
1455 2269 1551 2323 quia
1571 2270 1701 2309 nomi-

253 2342 418 2382 nativus
447 2335 581 2395 ἡδονή
612 2356 694 2381 non
725 2347 838 2381 recte
867 2340 952 2393 legi
982 2340 1079 2380 mihi
1111 2339 1286 2380 videtur.
1345 2354 1488 2379 omnes
1519 2339 1700 2379 editores

254 2411 432 2452 Baehrio
464 2418 638 2466 excepto
671 2410 857 2450 scribunt
886 2404 1019 2464 ἡδονή
1050 2410 1354 2450 nominativum
1393 2412 1461 2463 qui
1494 2416 1630 2449 exstat
1658 2409 1698 2448 in

255 2481 343 2522 cod.
375 2481 429 2534 R,
470 2496 562 2522 cum
607 2481 769 2521 dativus
814 2475 947 2535 ἡδονῇ
992 2481 1141 2521 ceteris
1187 2480 1398 2519 codicibus
1440 2479 1699 2519 exhibeatur.

253 2554 337 2593 iam
383 2552 545 2608 qualem
591 2551 746 2592 Abicht
789 2552 1140 2591 constructionem
1184 2564 1275 2590 esse
1306 2550 1394 2590 vult
1424 2564 1432 2590 :
1464 2542 1594 2590 οἰδὲν
1623 2551 1699 2604 (sc.

254 2619 369 2678 ἱρὸν)
398 2619 567 2677 μᾶλλόν
596 2622 687 2664 ἐστι
717 2616 852 2676 ἡδονή
881 2621 1076 2671 ἰδέσθαι,
1116 2615 1142 2675 ἢ
1170 2623 1307 2661 τοῦτο
1339 2622 1414 2673 (sc.
1446 2614 1578 2674 isdoms
1609 2620 1700 2662 ἐστι

253 2695 456 2747 ἰδέσθαι),
503 2695 544 2734 in
590 2708 638 2734 ea
682 2694 860 2734 fortasse
905 2707 1027 2733 nemo
1069 2692 1313 2743 offenderit,
1353 2691 1507 2746 quippe
1539 2705 1645 2745 quae
1676 2705 1700 2730 a

253 2767 414 2806 ratione
443 2764 714 2819 grammatica
744 2770 832 2804 tuta
862 2763 924 2814 sit,
956 2763 1027 2803 sed
1058 2777 1124 2802 res
1154 2763 1299 2817 opinor
1328 2761 1457 2801 multo
1496 2762 1573 2801 erit
1604 2761 1697 2800 sim-

256 2835 410 2891 plicior,
441 2836 473 2874 si
504 2836 729 2874 retinemus
761 2834 943 2873 dativum
972 2827 1128 2887 ἡδονῇ,
1173 2839 1218 2872 ut
1260 2847 1312 2872 ex
1352 2831 1698 2872 antecedentibus
