2055 3387
953 383 1004 425 51

369 516 451 556 iam
499 516 533 556 si
575 515 834 571 quaerimus,
875 516 943 557 ubi
973 515 1217 557 Herodotus
1247 517 1560 558 coniunctiones
1588 517 1706 572 πρίυ,

258 588 365 642 πρὶν
395 581 433 642 ἢ,
462 583 687 643 πρότερον
718 587 783 640 (α)
815 581 841 641 ἦ
872 581 1021 641 (ἤπερ)
1067 602 1161 627 011111
1200 587 1403 627 infinitivo
1434 589 1706 641 coniunxerit,

261 657 404 698 dubito
435 673 532 698 num
565 658 664 698 certi
694 657 923 712 quidquam
966 657 1016 698 de
1059 657 1137 697 hac
1176 663 1383 698 structura
1413 659 1536 698 statui
1565 659 1709 714 possit,

260 743 354 769 cum
411 728 478 769 ille
525 728 773 769 infinitivum
824 742 1126 783 saepenumero
1184 735 1335 783 ponat,
1385 729 1455 769 ubi
1501 735 1572 769 tuo
1621 730 1709 769 iure

260 800 541 852 indicativum,
572 800 878 840 coniunctivum
890 799 937 854 l),
968 800 1196 855 optativum
1219 800 1555 854 exspectaveris:
1580 801 1710 840 utitur

262 872 371 912 enim
415 871 646 923 infinitivo,
693 872 781 912 sive
823 885 910 912 rem
955 871 1108 911 factam
1141 877 1462 923 commemorat,
1493 872 1580 911 sive
1609 870 1710 911 nihil

261 942 372 983 aliud
409 943 489 982 nisi
527 942 748 982 certiorem
789 942 999 996 quandam
1039 942 1237 996 temporis
1269 941 1551 982 definitionem
1582 941 1710 993 addit,

262 1013 349 1053 sive
380 1013 666 1053 condicionem
698 1012 818 1053 affert
847 1013 890 1052 in
921 1012 1208 1053 enuntiatione
1239 1011 1486 1053 secundaria
1520 1036 1563 1042 —
1599 1012 1708 1068 quod

262 1083 351 1124 fieri
381 1090 542 1139 potest,
588 1085 619 1123 si
650 1084 857 1124 sententia
885 1084 1084 1139 primaria
1117 1090 1181 1124 est
1210 1084 1409 1138 negativa
1437 1108 1492 1113 —
1523 1084 1610 1124 sive
1643 1083 1711 1124 de-

262 1155 388 1209 nique
420 1154 470 1195 de
501 1154 640 1194 futuro
670 1161 860 1208 tempore
881 1155 1074 1210 loquitur.
1135 1155 1269 1194 locum
1291 1161 1427 1194 autem
1451 1169 1569 1194 suum
1587 1154 1712 1194 habet

263 1225 490 1265 infinitivus
552 1225 618 1265 vel
671 1225 807 1280 potius
849 1240 1021 1280 prorsus
1071 1226 1328 1266 necessarius
1372 1231 1435 1265 est
1473 1231 1570 1280 post
1606 1225 1712 1279 πρίν

262 1296 522 1351 particulam,
554 1296 588 1335 si
619 1297 726 1336 actio
758 1302 1083 1337 commemorata
1115 1302 1187 1336 aut
1216 1296 1384 1336 omnino
1406 1296 1514 1336 facta
1535 1310 1618 1335 non
1651 1301 1714 1336 est

264 1374 336 1408 aut
364 1367 453 1407 fieri
482 1382 567 1408 non
596 1373 747 1422 potest,
780 1374 850 1408 aut
880 1368 912 1408 si
942 1367 1046 1408 nihil
1086 1366 1196 1407 aliud
1227 1367 1305 1407 nisi
1343 1381 1409 1407 res
1450 1366 1708 1418 secundaria,

264 1444 309 1479 ut
336 1438 393 1478 ita
423 1438 570 1488 dicam,
601 1452 693 1478 esse
723 1438 897 1479 videtur.
969 1439 1048 1479 hoc
1092 1444 1252 1478 tantum
1297 1438 1548 1478 discriminis
1586 1438 1712 1477 inter-

264 1509 374 1549 cedit
393 1509 500 1549 inter
521 1523 613 1549 eam
634 1515 896 1561 structuram,
929 1524 1011 1564 qua
1032 1524 1125 1549 cum
1147 1509 1349 1549 infinitivo
1369 1509 1463 1548 illae
1484 1508 1714 1563 particulae

264 1586 389 1634 atque
411 1594 514 1632 eam,
537 1594 619 1634 qua
641 1594 734 1620 cum
757 1580 1020 1620 coniunctivo
1040 1586 1110 1619 aut
1134 1578 1361 1619 indicativo
1386 1579 1712 1633 coniunguntur,

266 1651 378 1706 quod
417 1651 644 1690 infinitivus
685 1651 772 1691 sine
813 1651 906 1691 ullis
937 1650 1023 1690 fere
1055 1650 1370 1705 exceptionibus
1400 1656 1494 1704 post
1526 1651 1711 1690 enuntia-

264 1725 396 1762 tiones
424 1722 623 1776 positivas
653 1723 832 1776 ponitur,
863 1721 1037 1762 verbum
1068 1728 1207 1762 autem
1235 1721 1401 1761 finitum
1430 1721 1518 1761 fere
1549 1735 1714 1775 semper

265 1798 362 1848 post
391 1793 695 1833 enuntiationes
725 1793 944 1846 negativas
956 1792 1003 1845 2).
1072 1791 1123 1833 de
1163 1793 1365 1848 exemplis
1396 1793 1505 1832 enim
1535 1791 1712 1846 quadra—

262 1993 328 2023 yar
360 1981 452 2013 nicht
487 1981 688 2023 eingsetreten
718 1981 762 2013 ist
787 1981 869 2013 oder
890 1992 955 2023 yar
978 1981 1070 2013 nicht
1094 1981 1255 2013 cintreten
1280 1980 1381 2012 kann.
1442 1982 1614 2022 Kriiger
1651 1979 1714 2021 (gr.

266 2039 323 2069 Gr.
340 2039 358 2077 ἓ
377 2040 429 2079 54,
450 2042 501 2079 17,
521 2039 554 2081 6)
574 2051 581 2070 ε
607 2038 708 2071 180113ιὲ
725 2038 836 2080 findet
860 2037 930 2070 sich
953 2037 1041 2069 nach
1066 2038 1288 2080 (cffimnativen
1305 2037 1427 2069 Sizwtzen
1451 2036 1717 2068 πυγὴν-1361101111

267 2095 356 2137 πρίν
379 2095 440 2126 ‘mit
464 2095 538 2127 clem
565 2095 726 2138 Infinitiv,
751 2094 870 2127 welche
897 2094 1133 2126 consto-maon
1149 2093 1272 2135 jezloch
1306 2093 1392 2125 (meh
1422 2093 1511 2125 ncoeh
1540 2093 1717 2134 vzeqatiren

266 2149 389 2183 Sdtze‘n
411 2152 603 2193 vorlcommt,
627 2151 675 2183 da
697 2163 779 2184 man
803 2150 890 2183 auch
914 2150 968 2182 ein
992 2150 1178 2182 wisrlcliclzes
1205 2150 1347 2182 Factum
1372 2150 1425 2181 als
1451 2150 1538 2182 hlose
1571 2150 1713 2181 Vorstel-

268 2208 348 2250 lang]
368 2208 582 2240 ausdruck-en
593 2208 695 2240 kann.
732 2209 951 2250 Augustus
970 2207 1176 2239 Matthiae
1192 2206 1255 2248 (gr.
1271 2208 1328 2237 Gr.
1348 2208 1366 2246 ἓ
1381 2207 1444 2237 522
1459 2217 1490 2248 p.
1508 2206 1609 2248 1200)
1629 2219 1637 2237 ε
1655 2206 1720 2238 Bez'

266 2264 482 2306 zukic'wzftz'qen
506 2264 739 2306 Hancllzmyen
765 2264 846 2296 oder
871 2263 1014 2304 solehen,
1048 2262 1102 2295 die
1128 2262 1212 2295 ohne
1234 2273 1402 2304 yenauere
1427 2262 1719 2304 Zeitbestimmng]

267 2331 335 2351 nur
358 2320 403 2351 im
418 2320 648 2361 Allyemez'nen
673 2321 726 2352 als
748 2320 954 2362 [seschehend
978 2320 1163 2361 (tvnyegyeben
1186 2319 1330 2359 werden,
1356 2318 1440 2351 steht
1464 2320 1553 2362 πρίν
1568 2319 1718 2361 yewo'lm-

269 2376 335 2407 [ich
357 2376 417 2407 mit
441 2376 517 2411 clem
541 2377 700 2418 Ιιῃῖηἰίίυ.
750 2378 950 2409 Secundum
974 2378 1218 2408 Buttmann
1233 2387 1303 2407 11111
1331 2375 1395 2416 (gr.
1421 2376 1478 2407 Gr.
1505 2387 1536 2417 p.
1562 2377 1642 2418 426)
1670 2376 1719 2407 in-

270 2432 427 2464 finitivus
441 2434 582 2475 ponitur
599 2438 676 2475 post
693 2434 783 2477 πρίν
801 2434 1094 2473 coniunctionem,
1120 2444 1167 2464 wo
1186 2444 1249 2464 von
1273 2432 1343 2463 hlos
1359 2432 1553 2473 miiylc'clzen,
1576 2432 1719 2473 (sedrach>

270 2494 324 2521 ten
349 2488 429 2521 oder
452 2489 669 2532 zuhiinstiyen
685 2489 919 2531 Hcmcllunyen
935 2489 990 2521 die
1008 2488 1098 2521 Recle
1116 2488 1168 2520 ist.
1203 2490 1313 2520 Bern
1326 2488 1464 2530 hardy
1491 2487 1718 2529 (Wissenseh.

270 2546 404 2588 Syntax
429 2558 460 2589 p.
486 2549 566 2589 400)
593 2559 601 2578 :
626 2571 633 2577 .
661 2571 667 2578 .
694 2570 701 2578 .
729 2547 837 2590 πρίν,
874 2546 1011 2578 welches
1037 2545 1160 2577 seinem
1193 2545 1307 2577 U'esen
1330 2544 1418 2576 nach
1442 2567 1449 2576 .
1477 2568 1484 2575 .
1512 2569 1519 2575 .
1545 2544 1611 2577 den
1637 2546 1718 2587 Infi-

269 2602 352 2635 nitiv
375 2603 412 2634 in
435 2603 630 2635 subiectiver
657 2603 889 2636 Combination
914 2602 1087 2634 amzimmt.

363 2659 388 2702 ¹)
415 2661 458 2691 cf.
477 2661 663 2702 Elmsley
689 2661 731 2692 ad
760 2660 878 2702 Eurip.
909 2660 1067 2691 Medeam
1096 2670 1128 2690 v.
1149 2659 1212 2690 215
1235 2670 1242 2689 :
1278 2657 1412 2689 minime
1436 2663 1547 2690 (motem
1565 2664 1721 2700 praeter—

269 2715 468 2747 mittendum
493 2721 540 2748 est
564 2716 600 2747 in
623 2716 687 2748 hac
716 2715 945 2757 disputatione
972 2727 1040 2757 pro
1074 2714 1282 2746 sublmwtivo
1315 2713 1410 2745 haud
1442 2725 1524 2745 rasro
1556 2714 1723 2755 usurpari

270 2771 480 2813 iwffivtzz'tivzcm,
507 2772 581 2804 licet
605 2772 834 2804 sublmzctivus
852 2784 920 2814 pro
944 2771 1120 2814 iwfinitivo,
1147 2770 1236 2812 quod
1254 2770 1368 2810 sciam,
1394 2776 1588 2811 usurpetur.

360 2826 389 2870 2)
416 2829 633 2860 Indicativus
664 2829 693 2860 si
723 2829 927 2869 adhibetur,
958 2828 1153 2860 enuntiatio
1188 2826 1351 2869 primaria
1384 2836 1518 2868 scnipcr
1543 2832 1594 2858 est
1618 2838 1722 2868 nega-

271 2883 360 2924 tiva3
399 2884 481 2916 item
518 2896 572 2917 res
597 2896 633 2917 se
667 2886 774 2918 habet
832 2886 861 2917 si
893 2885 1142 2917 coniunctivus
1168 2887 1358 2925 usurpatus
1384 2887 1446 2914 cst.
1494 2894 1606 2925 nequo
1631 2883 1722 2914 enim

1406 2949 1459 2981 4:11
