2086 3413
325 1268 450 1318 Quod
496 1267 658 1320 Stein1)
702 1268 891 1323 syntaxis
942 1267 1212 1309 Herodoteae
1262 1267 1476 1307 historiam
1527 1266 1664 1322 potius

215 1339 478 1381 scribendam
508 1354 630 1394 quam
664 1354 757 1379 cum
788 1339 928 1379 Attica
959 1337 1124 1378 dicendi
1167 1336 1467 1378 consuetudine
1497 1351 1663 1393 compa-

214 1411 418 1452 rationem
436 1425 527 1452 esse
545 1409 842 1451 instituendam
859 1415 1012 1459 censet,
1033 1408 1075 1449 id
1097 1409 1217 1448 nobis
1239 1422 1408 1463 quoque
1429 1407 1509 1448 hoc
1526 1408 1664 1448 libello

213 1482 475 1538 propositum
507 1487 571 1522 est
600 1495 608 1521 :
639 1481 857 1522 tractaturi
887 1480 996 1520 enim
1029 1494 1171 1520 sumus
1211 1478 1403 1519 infinitivi
1434 1478 1665 1519 Herodotei

215 1567 335 1593 usum
376 1552 569 1593 omnibus
611 1565 718 1606 quae
759 1556 927 1591 exstant
957 1550 1161 1605 exemplis
1194 1549 1469 1600 illustratum,
1512 1549 1665 1603 quoin

217 1637 375 1677 genere
397 1637 446 1663 ea
467 1622 699 1663 omittenda
721 1635 812 1662 esse
841 1627 1037 1676 putamus
1068 1634 1176 1675 quae
1206 1619 1282 1659 viri
1315 1618 1428 1659 docti
1457 1634 1481 1659 a
1502 1619 1666 1674 Boppio

216 1707 349 1748 usque
379 1693 432 1733 ad
461 1699 649 1734 nostram
680 1698 858 1733 aetatem
890 1691 940 1731 de
970 1691 1163 1731 infinitivi
1193 1690 1328 1730 forma
1359 1695 1484 1744 atque
1505 1690 1667 1743 origine

218 1764 485 1819 disputarunt
498 1764 544 1818 2).
605 1778 698 1803 cum
728 1768 863 1803 autem
897 1763 1053 1802 nemini
1083 1762 1165 1802 iam
1196 1761 1389 1815 ignotum
1419 1760 1472 1800 sit
1501 1760 1667 1801 infiniti-

217 1849 316 1875 vum
345 1848 436 1875 esse
467 1849 609 1876 casum
638 1833 817 1874 nominis
847 1832 1028 1873 verbalis
1072 1838 1112 1872 et
1149 1847 1278 1872 unum
1320 1832 1421 1873 illud
1460 1832 1668 1872 incertum

217 1905 496 1960 relinquatur,
551 1911 687 1945 utrum
750 1904 914 1944 dativus
972 1903 1024 1943 sit
1078 1917 1130 1943 an
1187 1903 1392 1944 locativus
1408 1935 1418 1955 ,
1474 1901 1670 1956 equidem

217 1976 348 2017 libere
378 1976 577 2031 profiteor
606 1982 828 2030 utrumque
860 1988 1001 2015 casum
1032 1974 1074 2014 in
1121 1974 1307 2014 eiusdem
1354 1979 1395 2014 et
1438 1974 1597 2014 formae
1630 1979 1672 2013 et

218 2061 316 2087 usus
358 2047 559 2087 unitatem
607 2046 810 2087 coaluisse
854 2046 954 2085 mihi
998 2043 1145 2101 videri.
1218 2044 1330 2100 quod
1375 2050 1512 2085 utrum
1559 2049 1671 2084 recte

218 2131 350 2158 necne
394 2123 596 2170 statuam,
641 2117 731 2158 aliis
775 2117 964 2171 relinquo
997 2114 1306 2166 diudicandum,
1336 2120 1447 2156 certe
1480 2114 1672 2169 exempla

218 2188 276 2228 ita
303 2188 577 2243 proponenda
608 2196 740 2241 erunt,
771 2193 818 2228 ut
846 2188 1025 2242 primum
1070 2201 1164 2227 eum
1205 2201 1326 2226 usum
1357 2185 1551 2226 infinitivi
1582 2185 1670 2225 illu-

222 2265 360 2311 strem,
403 2273 455 2299 ex
497 2274 577 2314 quo
608 2273 715 2313 quae
753 2258 944 2313 primitus
982 2256 1173 2297 infinitivi
1213 2262 1363 2297 natura
1412 2255 1539 2296 fuerit
1580 2254 1674 2310 plus

220 2329 410 2369 minusve
441 2330 637 2384 cognosci
657 2330 802 2384 possit,
834 2327 985 2369 deinde
1010 2342 1070 2381 ea,
1101 2327 1170 2368 ubi
1192 2327 1301 2367 hanc
1322 2326 1673 2381 significationem

221 2399 437 2454 paullatim
481 2398 693 2439 delituisse
737 2413 860 2439 nemo
901 2398 1134 2438 mirabitur.
1205 2403 1425 2451 praeterea
1455 2397 1672 2437 materiem

222 2476 406 2510 nostram
435 2470 491 2509 ita
523 2469 826 2524 disposuimus,
870 2474 915 2509 ut
957 2469 1138 2523 primum
1178 2468 1431 2508 infinitivum
1462 2468 1550 2507 sine
1580 2466 1675 2507 arti*

224 2540 329 2593 culo,
360 2547 446 2581 tum
477 2539 726 2580 infinitivum
759 2553 850 2579 cum
881 2539 1052 2579 articulo
1083 2544 1401 2594 pertractemus.

316 2771 341 2814 ยน)
367 2773 467 2803 Burs.
492 2770 692 2802 Jahresber.
718 2770 774 2801 iib.
801 2769 832 2801 d.
858 2768 1034 2800 Fortschr.
1060 2768 1092 2799 d.
1117 2767 1344 2800 Altthwssch.
1373 2769 1470 2808 1873,
1496 2768 1511 2798 I
1537 2778 1566 2809 p.
1597 2769 1674 2799 296.

316 2827 344 2870 2)
370 2829 413 2859 cf.
440 2831 576 2869 praeter
600 2827 687 2858 alios
711 2826 820 2868 Jolly,
847 2825 1058 2858 Geschichte
1096 2825 1156 2856 des
1181 2824 1357 2856 Infinitivs
1383 2824 1428 2855 im
1454 2824 1676 2864 Indogcrma-

227 2884 382 2924 nisehen,
406 2883 585 2915 Miinchen
614 2886 708 2914 1873.

1394 2950 1408 2978 1
