2055 3387
1002 339 1056 381 54

304 487 387 513 non
429 472 655 525 legendum
701 486 792 511 cum
835 471 998 513 Steinio
1030 470 1231 524 οἴχεσθαι
1261 467 1366 520 τοὺς
1395 468 1656 526 συμμάχους.
1716 474 1757 513 in

305 549 451 598 quarto
485 543 666 598 denique
697 542 888 596 exemplo
919 543 1159 582 coniunctio
1189 543 1295 596 πρίν
1324 537 1349 597 ἤ
1378 543 1559 584 refertur
1582 543 1633 583 ad
1655 545 1758 584 aori—

303 620 410 654 stum
442 613 557 654 verbi
589 609 782 666 (pthivaew
804 628 896 652 cum
920 613 1140 668 participio
1163 613 1304 653 aoristi
1336 613 1543 654 coniuncti
1566 628 1574 653 :
1597 613 1658 653 VI
1681 614 1758 655 116

306 681 510 739 ἔφθησάν
541 700 589 726 τε
620 677 885 738 ἄπικόμενοι
915 685 1022 738 πρὶν
1050 678 1075 738 ἢ
1105 679 1210 732 τοίς
1238 680 1488 739 βαρβάρους
1518 678 1649 739 ἥκειν.
1693 684 1760 724 hic

301 770 399 796 usus
444 755 559 795 verbi
605 751 798 807 φθάνειν
844 754 1049 810 particula
1091 755 1197 809 πρὶν
1224 749 1251 809 φ’)
1282 769 1376 795 cum
1418 755 1621 795 infinitivo
1663 770 1760 794 con-

300 828 442 866 iuncta
471 832 672 881 sequente
714 832 882 881 praeter
923 825 1003 865 hoc
1033 826 1273 880 exemplum
1304 826 1367 866 bis
1408 826 1618 866 invenitur
1649 825 1759 880 apud

302 896 567 938 Herodotum
600 912 608 937 ε
640 896 680 937 V
711 898 760 937 91
792 902 831 937 et
860 895 928 936 IX
957 897 1022 937 70.

413 970 438 1020 ξ·
468 968 533 1009 57.
592 968 897 1009 Perfectum
928 967 1095 1022 quidem
1115 966 1360 1007 Herodotus
1378 973 1472 1021 post
1500 968 1606 1021 πρίν
1635 967 1758 1022 parti-

304 1039 442 1080 culam
476 1053 558 1079 non
592 1038 783 1079 adhibuit
813 1038 890 1078 nisi
922 1037 1050 1078 semel
1082 1053 1090 1078 :
1122 1037 1191 1079 Ill
1221 1037 1275 1079 25
1315 1038 1421 1092 πρὶν
1460 1037 1506 1079 δὲ
1547 1040 1624 1092 τῆς
1654 1031 1762 1079 ὁδοῦ

303 1106 355 1151 τὸ
386 1110 594 1164 πέμπτον
622 1110 754 1164 μέρος
784 1109 1091 1164 διεληλυθέναι
1120 1104 1202 1164 τὴν
1223 1105 1443 1163 στρατιήν,
1474 1102 1632 1150 αὐτίκα
1652 1104 1761 1150 πάν-

303 1197 357 1222 τα
388 1174 552 1229 eadwig
581 1176 636 1222 τὰ
667 1178 786 1233 εἶχον
816 1181 969 1222 σιτίων
996 1176 1181 1234 ἐχόμενα
1212 1179 1507 1222 ἐπελελοίπεε.
1567 1180 1607 1219 in
1631 1194 1758 1220 enun-

308 1253 407 1292 tiato
438 1253 636 1307 primario
684 1251 905 1291 exhibetur
949 1251 1435 1306 plusquamperfectum,
1479 1265 1560 1305 quo
1605 1249 1760 1304 signifi-

310 1329 426 1363 catur
467 1323 686 1379 penuriam
727 1322 807 1362 cibi
848 1322 985 1362 subito
1027 1329 1154 1376 atque
1199 1322 1413 1377 inopinato
1446 1321 1648 1362 accidisse
1678 1321 1761 1360 iam

310 1393 379 1434 diu
410 1400 636 1448 antequam
669 1393 857 1447 quintam
888 1398 1048 1448 partem
1079 1392 1240 1432 itineris
1271 1392 1553 1447 explevissent
1585 1405 1762 1445 eamque

308 1479 391 1505 non
424 1464 607 1516 desiisse,
640 1478 732 1503 cum
763 1462 988 1503 indicativo
1020 1462 1160 1503 aoristi
1191 1462 1293 1502 nihil
1321 1461 1432 1502 aliud
1462 1462 1541 1501 nisi
1562 1476 1629 1501 res
1652 1461 1763 1502 facta

304 1541 558 1576 narraretur.
631 1534 862 1590 perfectum
903 1548 1004 1574 vero
1049 1534 1254 1573 enuntiati
1294 1532 1528 1574 secundarii
1571 1538 1632 1573 est
1667 1545 1761 1587 per-

304 1606 461 1647 fectum
509 1605 618 1660 quod
663 1605 811 1645 dicitur
855 1604 926 1645 des
965 1603 1202 1645 chstandes
1248 1610 1287 1644 et
1331 1605 1486 1658 optime
1530 1602 1760 1658 respondet

304 1676 714 1732 plusquamperfecto
746 1675 948 1716 enuntiati
981 1674 1196 1730 primarii:
1229 1674 1437 1728 significat
1468 1675 1577 1714 enim
1608 1680 1762 1714 statum

306 1749 376 1803 qui
408 1748 566 1788 factum
614 1748 811 1801 sequitur.
885 1746 1114 1786 infinitivus
1160 1760 1285 1800 porro
1327 1746 1488 1800 positus
1534 1751 1621 1798 est,
1665 1745 1763 1799 quia

305 1819 520 1859 enuntiato
551 1817 798 1858 secundario
829 1817 931 1857 nihil
960 1817 1039 1857 nisi
1066 1817 1266 1871 temporis
1310 1816 1534 1871 descriptio
1580 1817 1762 1856 contine-

307 1897 373 1930 tur
405 1905 413 1930 :
445 1889 600 1929 dictum
633 1895 695 1928 est
726 1903 800 1944 pro
832 1888 949 1929 brevi
973 1888 1119 1928 itinere
1145 1887 1277 1941 facto.

415 1962 440 2012 ξ
471 1960 535 2000 58.
597 1959 750 2001 Cetera
778 1960 916 1999 omnia
949 1958 1142 2013 exempla
1171 1958 1243 1998 ubi
1271 1958 1377 2012 πρίν
1398 1963 1643 2012 ceterasque
1667 1971 1762 1997 con-

306 2032 540 2071 iunctiones
563 2046 656 2071 cum
678 2030 881 2070 infinitivo
905 2035 1165 2069 constructas
1187 2028 1339 2079 inveni,
1370 2043 1430 2068 ao
1445 2028 1567 2068 risti
1597 2028 1764 2068 infiniti-

306 2117 404 2142 vum
434 2102 652 2157 praebent.
712 2102 779 2140 hic
816 2102 996 2156 primum
1038 2100 1130 2140 loco
1172 2099 1388 2139 indicativi
1432 2099 1574 2139 aoristi
1603 2100 1765 2154 positus

308 2180 382 2213 est.
441 2173 483 2212 in
516 2172 708 2212 omnibus
742 2186 840 2212 vero
873 2171 1088 2226 exemplis,
1119 2170 1160 2209 in
1193 2169 1342 2224 quibus
1374 2169 1600 2210 infinitivus
1623 2169 1766 2209 aoristi

307 2250 546 2298 usurpatur,
578 2242 928 2297 significationem
960 2242 1162 2296 temporis
1193 2240 1405 2295 praeteriti
1436 2240 1563 2280 habet
1581 2240 1625 2293 l).
1685 2239 1765 2294 pri-

307 2328 419 2353 mum
466 2314 585 2354 nobis
634 2312 959 2353 examinandum
1006 2318 1067 2352 est
1113 2311 1353 2366 exemplum
1395 2311 1466 2350 ubi
1506 2311 1766 2351 enuntiatum

308 2384 552 2440 primarium
584 2391 647 2424 est
678 2384 954 2437 negativum:
987 2382 1009 2422 I
1040 2383 1088 2423 71
1121 2382 1308 2435 Πέρσῃσι
1338 2377 1432 2436 γάρ,
1462 2382 1568 2435 πρὶν
1595 2376 1768 2429 Λυδοὺς

311 2455 720 2509 καταστρέψασθαι,
753 2445 804 2509 ἧν
835 2448 937 2495 οὔτε
968 2446 1107 2507 ἁβρὸν
1140 2446 1241 2494 oi'ze
1274 2445 1450 2506 ἅγαθόν
1478 2445 1619 2494 οἶδέν.
1689 2451 1768 2492 hoc

405 2658 430 2697 ι)
458 2660 502 2690 cf.
530 2659 608 2690 Chr.
636 2660 689 2690 Fr.
717 2658 836 2698 Pfuhl,
862 2658 927 2689 Die
953 2657 1164 2697 Bedcutung
1203 2657 1262 2688 des
1291 2655 1427 2687 Aorists
1452 2665 1483 2696 p.
1512 2657 1552 2686 20
1580 2666 1587 2685 :
1614 2654 1686 2685 Der
1711 2654 1767 2685 In—

301 2715 458 2759 finitimas
494 2715 627 2746 [loris-ti
660 2715 776 2746 nimmt
808 2714 862 2745 (lie
886 2713 1112 2756 praemi-itale
1144 2712 1345 2754 Bedeutwigy
1377 2723 1431 2752 an,
1463 2710 1582 2742 sobalcl
1610 2710 1768 2751 dersabbe,

309 2784 387 2815 may
412 2773 475 2804 (las
509 2772 718 2804 Verleziltniss
744 2772 805 2803 (Zcr
839 2770 1101 2813 T'erslanyenlzeit
1127 2769 1348 2811 ausyedra'idzt
1375 2768 1447 2800 sein
1471 2767 1552 2799 oder
1577 2767 1682 2807 nicht,
1715 2767 1767 2798 als

311 2829 372 2861 der
406 2830 572 2861 Vel-tremi·
596 2828 653 2860 (les
679 2828 900 2860 historischen
927 2826 1143 2859 Inclicacivus
1169 2825 1303 2858 Aorz'sti
1328 2824 1501 2857 crscheinl.
