2055 3387
1195 334 1247 374 68

1098 594 1333 654 Vita

605 735 848 775 Ludovicus
879 734 1104 776 Heilmann
1137 743 1257 777 natus
1289 751 1380 777 sum
1409 752 1444 777 a.
1477 736 1515 776 d.
1546 736 1670 778 XIII.
1703 738 1796 778 Kal.
1828 739 1943 796 Sept.

495 807 593 847 anni
623 805 937 848 MDCCCLVI
967 808 1008 846 in
1040 808 1132 847 vico
1164 806 1500 848 Unter-Mossau
1530 815 1650 863 patre
1683 809 1838 863 optimo
1861 810 1942 851 Va-

494 877 679 930 lentino,
723 883 855 917 matre
901 877 1168 918 dilectissima
1213 878 1439 919 Catharina
1485 893 1506 917 e
1546 885 1671 933 gente
1700 876 1942 933 Schneider,

495 962 598 1002 quos
646 947 781 987 adhuc
822 948 965 987 vivere
1009 940 1266 1003 ma'gnopere
1310 948 1486 1003 gaudeo.
1575 947 1700 989 fidem
1745 950 1944 1004 profiteor

493 1017 792 1070 evangelicam.
851 1018 995 1072 primis
1026 1018 1240 1059 literarum
1272 1018 1488 1058 elementis
1519 1033 1651 1073 usque
1694 1019 1746 1059 ad
1786 1035 1941 1061 nonum

495 1089 644 1129 aetatis
676 1103 832 1128 annum
861 1088 1046 1129 imbutus
1068 1089 1260 1144 Albigae,
1293 1104 1374 1144 quo
1406 1095 1524 1144 pater
1553 1103 1671 1129 meus
1709 1090 1791 1129 iam
1821 1096 1945 1131 antea

494 1173 537 1199 se
570 1159 813 1212 contulerat,
845 1160 1024 1213 primum
1056 1174 1133 1215 per
1163 1166 1322 1215 septem
1353 1175 1483 1201 annos
1505 1160 1851 1215 progymnasium
1872 1161 1944 1200 Al-

492 1231 696 1282 zeianum,
726 1235 813 1269 tum
843 1243 919 1284 per
950 1229 1238 1284 duodeviginti
1267 1244 1432 1271 menses
1462 1230 1727 1284 gymnasium
1748 1229 1942 1271 Worma-

493 1302 626 1342 tiense
648 1301 922 1355 frequentavi.
964 1300 1060 1341 inde
1083 1316 1176 1355 cum
1198 1301 1445 1341 maturitatis
1466 1301 1702 1341 testimonio
1718 1301 1942 1341 instructus

491 1372 533 1412 in
588 1371 845 1412 academiam
881 1371 1212 1412 Ludovicianam
1266 1386 1332 1412 me
1377 1372 1663 1421 contulissem,
1712 1377 1757 1411 ut
1796 1371 1943 1412 studiis

491 1443 716 1498 philologis
748 1456 919 1496 operam
952 1442 1116 1493 darem,
1157 1457 1233 1497 per
1263 1448 1355 1483 octo
1401 1441 1617 1481 semestria
1656 1440 1797 1481 audivi
1831 1440 1943 1482 viros

492 1513 742 1553 clarissimos
774 1511 1074 1563 Bratuseheek,
1106 1511 1281 1562 Clemm,
1315 1511 1493 1553 Oncken
1525 1511 1720 1566 Philippi,
1750 1509 1942 1565 Schiller‚

490 1583 671 1635 Vnum-s,
704 1583 929 1637 VVeigand‚
964 1582 1160 1622 VVeiland
1192 1582 1397 1636 simulque
1438 1581 1605 1622 interfui
1637 1582 1941 1621 exercitationi-

489 1656 566 1696 bus
596 1653 792 1704 metricis,
825 1653 1119 1708 epig1·aphiciS‚
1150 1652 1366 1703 historicis,
1410 1666 1512 1706 quas
1543 1650 1650 1706 prof.
1681 1650 1735 1690 ill.
1767 1649 1941 1703 Clemm,

490 1723 685 1775 Oncken‚
716 1723 913 1779 Philippi,
956 1723 1236 1763 instituerunt.
1305 1728 1525 1777 praeterea
1567 1721 1777 1761 seminarii
1811 1720 1940 1775 philo-

488 1796 595 1849 logi,
642 1795 705 1834 cui
750 1800 972 1848 praeerant
1014 1799 1309 1848 praeceptores
1362 1792 1649 1831 humanissimi
1695 1789 1857 1831 Clemm
1901 1797 1943 1832 et

490 1865 689 1920 Philippi,
720 1879 794 1920 per
827 1863 908 1904 duo
939 1864 1157 1903 semestria
1187 1862 1340 1903 sodalis
1371 1862 1606 1901 ordinarius
1636 1861 1707 1901 fui.

595 1935 660 1975 his
691 1936 884 1975 omnibus
915 1948 1018 1988 quos
1048 1933 1260 1973 nominavi
1290 1932 1387 1971 viris
1417 1933 1572 1986 optime
1604 1931 1654 1971 de
1682 1946 1750 1972 me
1770 1932 1940 1982 meritis,

488 2007 677 2062 inprimis
705 2004 1050 2060 praeceptoribus
1087 2003 1192 2043 meis
1237 2001 1401 2043 Clemm
1442 2009 1483 2042 et
1519 2001 1729 2056 Philippi,
1775 2014 1941 2056 semper

488 2084 654 2132 gratam
683 2075 845 2116 habebo
877 2075 1132 2114 memoriam.
