2086 3413
939 374 1010 403 Vll

437 495 456 533 ἓ
482 494 534 525 35.
582 493 698 526 Verba
711 493 866 534 iubendi,
884 493 1100 535 cohortandi,
1118 494 1275 536 rogandi,
1299 495 1478 537 suadendi,

460 564 462 567 ’
484 550 727 592 persuadendi,
753 549 900 592 cogendi

439 608 457 645 ξ
483 609 535 638 36.
582 606 697 638 Verba
722 606 894 648 sperandi,
921 606 1066 637 timendi

433 664 452 702 ξ
477 665 530 694 37.
578 663 694 694 Verba
718 662 893 694 efficiendi
919 666 953 694 et
977 663 1051 694 sim.

437 721 456 758 ξ
482 721 533 751 38.
631 744 645 760 „
720 711 925 759 voluntatis,
951 718 1126 760 cupiendi,
1153 718 1290 749 consilii
1317 719 1476 760 capiendi

434 777 452 814 ἓ
479 777 531 807 39.
628 800 644 816 „
716 776 908 807 affectuum
960 800 967 806 .

432 833 451 870 ᾖ
475 834 527 863 40.
624 856 640 872 „
713 831 945 863 conveniendi
969 831 1060 862 inter
1085 831 1169 871 alqs.

435 889 455 927 ἓ
479 891 532 919 41.
582 888 817 919 Aecusativus
843 897 924 918 oum
947 887 1044 918 infin.
1062 885 1242 917 invenitur
1259 886 1352 927 apud
1371 897 1479 918 enun-

479 944 567 975 tiata
592 941 642 984 ὡς
666 941 828 987 λέγουσι,
854 941 905 984 ὡς
929 941 1075 986 λέγεται
1102 942 1171 974 alia

410 1010 438 1032 c.
464 1001 548 1031 Aoo.
575 1009 602 1030 c.
630 999 691 1031 inf.
719 1009 950 1041 epexegeseos
975 1002 1038 1030 aut
1061 997 1292 1040 appositionis
1305 997 1382 1029 viee
1401 999 1478 1030 fun-

454 1055 550 1097 gitur

433 1113 452 1150 ἓ
477 1114 530 1142 42.
578 1111 633 1142 Ad
657 1111 915 1142 nominativum
940 1110 1078 1142 aceedit

432 1168 451 1206 ξ
476 1169 530 1198 43.
577 1167 632 1197 Ad
658 1177 779 1198 casum
805 1166 987 1208 obliquum
1012 1166 1149 1197 accedit

431 1224 450 1262 ἓ
475 1226 528 1254 44.
577 1223 631 1254 Ad
656 1223 923 1254 coniunctiones
947 1217 1017 1256 ὧδε
1042 1226 1076 1254 et
1100 1218 1197 1256 οὕτω
1221 1223 1358 1254 accedit

343 1280 423 1321 Cap.
437 1280 495 1311 VI.
522 1280 580 1310 De
599 1279 834 1311 infinitivo
860 1279 1170 1311 accuratioris
1190 1279 1478 1311 definitionis

432 1338 451 1376 ἓ
476 1338 530 1368 45.
579 1337 684 1378 Apud
709 1336 886 1369 adieetiva

431 1395 450 1433 ἓ
475 1395 529 1425 46.
626 1417 641 1434 „
707 1392 931 1425 substantiva

433 1451 452 1490 ξ
476 1452 529 1481 47.
625 1474 641 1491 „
707 1449 816 1481 verba
858 1473 863 1480 .

342 1506 424 1547 Cap.
449 1507 525 1537 VII.
574 1505 836 1537 Infinitivus
861 1505 987 1536 finali
1011 1516 1142 1537 sensu
1168 1505 1220 1536 ad
1245 1505 1477 1537 obiectum

387 1561 555 1593 aceedit
955 1585 961 1592 .
1058 1585 1064 1592 .
1263 1586 1269 1592 .

432 1619 452 1657 ἓ
476 1621 528 1650 48.
576 1619 693 1650 Verba
717 1618 832 1657 dandi,
859 1617 1083 1657 concedendi,
1109 1617 1302 1659 imperandi
1363 1642 1369 1648 .

431 1676 451 1713 ἓ
475 1676 528 1706 49.
624 1699 639 1714 „
712 1673 874 1705 mittendi

432 1732 451 1770 ἓ
476 1732 528 1763 50.
624 1755 640 1771 „
712 1730 869 1761 diversae
895 1730 1164 1771 significationis

431 1787 450 1825 ἓ
475 1787 527 1817 51.
575 1786 774 1818 Audaeiora
798 1786 968 1827 quaedam
995 1787 1154 1828 exempla.

431 1844 450 1882 ξ
475 1844 527 1874 52.
576 1843 730 1875 Verbum
756 1838 855 1877 εἶναι
881 1842 1039 1874 abundat

343 1900 423 1941 Cap.
450 1900 543 1930 VIII.
592 1899 872 1931 Infinitivus
908 1899 952 1930 in
990 1899 1241 1931 enuntiatis
1274 1900 1476 1941 temporis

386 1955 547 1997 prioris

436 2014 455 2052 ξ
480 2013 533 2044 53.
581 2009 642 2052 ὡς,
667 2009 763 2051 ἐπεί,
789 2009 827 2053 ἐς
851 2007 881 2052 ὅ,
909 2008 987 2052 ἕως,
1014 2007 1107 2051 ἕστε,
1134 2009 1174 2045 ἕν
1200 2007 1229 2058 ᾧ
1267 2037 1273 2043 .

432 2071 451 2108 ξ
476 2070 528 2099 54.
577 2063 675 2109 ὅκως
698 2068 992 2109 significationem
1018 2068 1217 2103 iterativam
1242 2068 1350 2100 habet

343 2125 423 2167 Cap.
448 2126 508 2156 IX.
557 2125 834 2157 Infinitivus
868 2125 940 2166 qui
971 2125 1168 2165 sequitur
1203 2124 1329 2167 πρίν,
1364 2125 1474 2167 πρὶν

387 2181 426 2225 ἢ,
456 2181 681 2225 πρότερον
708 2180 773 2223 (α)
802 2180 822 2224 ἢ
850 2179 1006 2223 (ἤπερ)
1032 2181 1375 2212 coniunctiones

433 2239 452 2277 ξ
477 2239 530 2269 55.
578 2239 630 2269 De
671 2238 761 2281 πρίν
804 2237 1047 2278 similibusque
1087 2237 1397 2269 coniunctionibus
1436 2238 1472 2269 in

477 2294 681 2325 universum
706 2294 906 2336 disputatur
955 2318 960 2324 .

435 2350 454 2387 ἓ
480 2349 532 2381 56.
582 2350 672 2392 πρίν
696 2359 776 2381 cum
801 2349 861 2381 inf.
888 2349 1081 2391 praesentis
1106 2349 1331 2391 coniungitur

435 2405 453 2444 5
479 2406 532 2436 57.
604 2430 620 2446 ῃ
719 2429 734 2446 „
808 2429 824 2446 „
888 2405 1035 2446 perfecti
1197 2430 1212 2447 „

433 2462 452 2499 ἓ
477 2461 530 2492 58.
603 2485 619 2502 „
716 2485 732 2502 „
806 2485 822 2501 „
888 2461 1009 2493 aoristi
1193 2486 1208 2503 „
1305 2461 1474 2502 ‚quiloeo

478 2516 662 2549 indicativi
687 2516 813 2548 aoristi
837 2517 971 2558 positus
997 2520 1048 2548 est

433 2575 452 2613 ἓ
478 2574 529 2605 59.
580 2573 670 2616 πρίν
702 2583 782 2604 eum
818 2573 880 2604 inf.
911 2583 980 2605 aor.
998 2578 1001 2581 '
1019 2573 1264 2615 coniungitur,
1303 2573 1363 2614 qui
1399 2574 1475 2606 loco

477 2629 698 2661 coniunctivi
721 2634 781 2661 aut
807 2629 953 2671 optativi
977 2630 1096 2661 aoristi
1121 2630 1255 2671 positus
1281 2634 1333 2661 est
1365 2655 1370 2661 .

343 2686 424 2728 Cap.
439 2687 481 2718 X.
507 2687 564 2717 De
589 2686 830 2717 infinitivo
856 2685 1047 2727 quicum
1072 2682 1194 2726 ὥστε,
1220 2683 1285 2727 ὡς,
1312 2683 1378 2720 ἐπ’
1397 2681 1474 2733 ᾧτε

387 2742 1010 2774 coni'unctionibus'sociatur
1063 2767 1069 2773 .

432 2801 451 2838 ξ
477 2801 530 2831 60.
577 2800 629 2830 De
654 2799 830 2830 eoniunet.
855 2794 951 2833 ὥστε
983 2803 1016 2830 et
1049 2795 1101 2838 ὡς
1134 2798 1169 2830 in
1194 2798 1397 2830 universum
1423 2799 1471 2830 di-

477 2860 638 2897 sputatur

1588 470 1656 494 Dag-

1664 555 1706 585 39

1573 611 1705 641 39—40

1571 667 1702 696 40—41

1663 724 1700 752 41

1664 780 1703 808 41

1663 836 1702 864 41

1571 946 1704 976 40—42

1571 1059 1705 1088 42-43

1662 1116 1704 1144 42

1572 1172 1705 1201 42—43

1662 1228 1704 1257 43

1570 1284 1704 1313 43—46

1570 1339 1703 1369 43—45

1570 1395 1704 1426 45—46

1662 1452 1703 1482 46

1569 1565 1702 1594 46—49

1658 1622 1701 1651 46

1569 1678 1701 1707 45—47

1658 1735 1698 1763 47

1561 1790 1696 1819 47—48

1562 1846 1696 1876 45-49

1568 1957 1701 1988 49—50

1569 2014 1703 2045 49—50

1659 2070 1702 2100 50

1569 2182 1701 2214 50—57

1566 2296 1699 2326 50—53

1569 2352 1703 2382 53—54

1659 2408 1702 2438 54

1568 2519 1702 2552 54-56

1567 2632 1698 2663 56-57

1566 2743 1695 2774 57—61

1565 2855 1698 2886 57—60
