2055 3387
937 382 990 422 26

235 514 344 564 cius,
386 514 426 553 in
470 514 600 554 altero
640 513 833 568 exemplo
875 528 961 554 non
993 513 1125 555 solum
1158 515 1476 569 Hegesistratus
1507 517 1598 572 (qui
1626 517 1684 558 ibi

234 585 446 639 loquitur),
479 585 550 625 sed
585 584 710 625 etiam
741 584 927 639 collegae
958 585 1046 625 eius
1078 585 1418 639 significanturl).

345 658 369 706 ξ
399 657 462 697 22.
522 655 605 695 Per
635 669 679 696 se
710 660 826 710 patet
857 656 890 696 si
922 655 1033 711 quod
1065 655 1349 711 praedicatum
1383 657 1433 697 ad
1455 656 1565 697 hunc
1594 657 1682 697 infi-

237 727 412 767 nitivum
455 725 626 766 accedat
664 725 705 766 id
748 740 914 781 quoque
954 727 1213 767 nominativo
1252 728 1309 767 uti
1355 742 1466 767 casu.
1533 727 1611 767 hoc
1638 727 1686 769 fit

238 798 348 852 apud
381 797 509 837 verba
532 794 642 838 εἶναι
673 803 714 837 et
742 798 956 851 γίνεσθαι,
986 798 1121 837 rarius
1142 797 1251 853 apud
1274 798 1354 838 alia
1375 797 1515 838 verba.
1555 797 1686 838 verba

237 874 374 909 autem
396 869 585 922 regentia
606 874 703 908 sunt
721 868 851 908 verba
874 864 1022 920 φάναι,
1054 864 1442 922 συγγινώσκεσθαι,
1470 882 1685 923 προσποι-

238 939 402 990 έεσθαι,
434 933 711 993 {ufey-soffia,
743 940 948 992 νομίζειν,
981 938 1260 990 ἐπίστασθαι,
1290 939 1495 993 ἐλπίζειν,
1533 936 1684 992 βούλε-

237 1014 355 1061 σθαι,
384 1013 638 1065 πειρᾶσθαι,
669 1004 895 1065 ἄρχεσθαι,
927 1010 1097 1052 δοκέειν
1128 1011 1286 1051 similia.

346 1081 388 1135 a)
419 1081 472 1121 ad
513 1081 686 1121 verbum
727 1079 837 1123 εἶναι
877 1081 1039 1122 accedit
1080 1081 1366 1138 praedicatum
1423 1082 1444 1122 Ι
1489 1081 1568 1122 112
1606 1073 1688 1122 οὐκ

238 1150 320 1207 ἔφη
364 1148 457 1201 οἷός
501 1168 547 1193 τε
594 1150 717 1194 εἶναι.
766 1153 856 1194 113.
914 1152 982 1194 ΙΠ
1015 1153 1092 1194 140
1122 1153 1441 1195 bis.144.154.
1498 1151 1563 1193 IV
1596 1153 1684 1193 127.

237 1223 276 1263 V
311 1224 370 1264 13.
403 1225 466 1265 84.
498 1224 563 1275 92,
595 1225 631 1265 7.
690 1223 754 1264 VI
783 1225 820 1264 ξ).
853 1224 917 1265 92.
987 1223 1074 1264 VII
1108 1225 1195 1266 104.
1226 1224 1315 1265 136.
1385 1224 1497 1266 VIII
1525 1223 1589 1264 29.
1621 1223 1685 1264 36.

239 1294 328 1334 137.
386 1294 451 1335 IX
483 1295 546 1335 94,
606 1294 627 1334 Ι
655 1295 709 1336 45
738 1291 1140 1349 συγγινωσκόμενος
1170 1288 1426 1350 ἀνθρώπων
1456 1291 1567 1336 εἶναι
1595 1297 1687 1336 τῶν

237 1358 372 1414 αῑῗτὸς
410 1360 502 1419 ᾔδεε
543 1362 1017 1421 βαρυσυμᾳορώτατος.
1076 1365 1138 1406 IV
1172 1366 1259 1408 126.
1315 1366 1356 1406 V
1386 1366 1450 1407 86.
1495 1364 1564 1406 III
1597 1365 1685 1407 133.

237 1436 304 1477 III
334 1436 371 1476 2.
429 1436 492 1477 IV
524 1437 560 1477 3.
596 1437 685 1478 154.
744 1436 764 1476 I
794 1437 846 1478 66
875 1433 1291 1491 καταφρονήσαντες
1322 1429 1541 1490 Ἀρκάδων
1567 1436 1687 1491 κρέσ-

238 1519 362 1557 σονες
392 1504 502 1549 εἶναι
533 1507 555 1547 ἰ.
589 1522 624 1548 e.
656 1523 747 1548 cum
790 1516 1022 1563 contemptu
1058 1517 1256 1563 putantes
1293 1523 1335 1548 se
1376 1508 1563 1549 meliores
1605 1522 1689 1548 esse

238 1578 490 1620 Arcadibus.
530 1579 614 1620 146.
685 1578 731 1619 Π
765 1580 824 1620 18.
855 1579 919 1620 37.
986 1578 1071 1619 VII
1100 1579 1165 1620 29.
1236 1577 1257 1618 Ι
1287 1580 1350 1620 30.
1408 1578 1431 1618 Ι
1461 1579 1549 1619 141.
1618 1577 1688 1618 III

239 1650 302 1691 82.
336 1649 424 1690 143.
456 1649 519 1690 IV
554 1650 645 1690 139.
677 1649 715 1690 V
743 1650 807 1691 96.
841 1649 877 1689 V
911 1650 1000 1691 109.
1032 1649 1094 1690 VI
1125 1652 1187 1690 11.
1245 1650 1267 1692 I
1305 1650 1357 1691 33
1386 1651 1527 1691 ταῦτα
1547 1649 1689 1703 λέγων

240 1723 304 1774 τῷ
335 1721 512 1775 Κροίσῳ
545 1715 597 1762 οἷζ
617 1737 668 1762 κο
685 1737 705 1770 ς
736 1715 836 1763 οὔτε
860 1720 1096 1776 ἐχαρίζετο,
1119 1714 1219 1762 οἷ’τε
1252 1716 1388 1774 λόγου
1407 1735 1481 1774 μιν
1509 1715 1690 1775 ποιησά-

238 1807 368 1846 μενος
407 1785 588 1841 οὖὸενός
627 1785 961 1847 (Ξποπέμπεται,
1001 1789 1141 1847 κάρτα
1184 1788 1312 1843 δόξας
1351 1784 1525 1845 ἀμαθὴς
1565 1788 1688 1842 εἶναι,

240 1856 287 1912 ὃς
308 1859 362 1904 τὰ
381 1859 608 1918 παρεόντα
625 1856 773 1918 ἅγαθα
788 1865 949 1918 ,anzeig-
965 1859 1045 1918 τὴν
1065 1858 1275 1917 τελευτὴν
1289 1857 1457 1911 παντὸς
1470 1857 1689 1916 χρήματος

243 1928 352 1988 ὁρᾶν
373 1933 545 1976 ἐκέλευε
562 1935 608 1985 ²).
655 1934 705 1974 cf.
736 1934 842 1976 110.
874 1935 938 1975 37.
974 1935 1062 1975 115.
1094 1934 1185 1976 207.
1232 1933 1299 1974 III
1329 1934 1382 1974 34
1399 1933 1474 1973 bis.
1504 1932 1594 1974 109.
1625 1931 1688 1971 IV

245 2005 334 2045 114.
368 2006 457 2047 126.
515 2004 555 2045 ΧΤ
586 2006 650 2047 80.
684 2006 773 2047 118.
833 2004 944 2046 VIII
973 2006 1038 2047 73.
1072 2005 1160 2046 136.
1219 2004 1286 2045 IX
1305 2005 1370 2046 44.
1401 2004 1465 2045 96.
1523 2002 1586 2043 IV
1613 2003 1689 2044 105

241 2072 545 2119 κινδυνεύουσι
582 2072 738 2132 γόητες
777 2074 911 2128 εἶναι,
949 2077 1020 2118 ubi
1049 2091 1088 2117 v.
1118 2072 1389 2118 κινὸυιέύειν
1418 2089 1543 2115 sensu
1572 2073 1690 2114 verbi

242 2147 412 2189 δοκέειν
441 2147 687 2188 instructum
719 2153 792 2188 est.

339 2350 364 2394 ¹)
391 2352 522 2386 Totum
547 2352 642 2384 hunc
667 2350 877 2383 nominativi
897 2360 977 2382 cum
994 2350 1169 2382 infinitivo
1194 2361 1297 2382 usum
1323 2350 1441 2392 attigit
1459 2349 1626 2390 Schocnc,
1652 2349 1693 2381 de

245 2409 466 2440 attractionis
493 2420 598 2450 quam
624 2408 746 2441 dicunt
785 2408 897 2450 singg.
934 2407 1144 2449 quibusdam
1170 2407 1338 2449 exemplis
1362 2407 1455 2449 apud
1478 2406 1694 2438 Herodotum

245 2469 309 2498 etc.
357 2465 526 2497 Bielefcld
553 2467 649 2498 1840.

340 2519 367 2564 ²)
394 2523 508 2554 Locus
534 2521 791 2554 vexaiissimus.
829 2524 947 2556 ταῦτα
983 2519 1100 2565 λέγων
1134 2523 1186 2567 τῷ
1220 2520 1370 2567 Κροίσῳ
1404 2520 1440 2551 in
1475 2518 1634 2561 plurimis
1660 2522 1693 2550 et

247 2579 386 2621 optimis
411 2579 591 2610 codicibus
617 2582 667 2610 cst
691 2582 829 2620 praeter
853 2578 961 2609 Paris.
988 2589 1019 2619 q,
1044 2577 1107 2609 ubi
1132 2575 1278 2621 λέγοντι
1306 2580 1358 2624 τῷ
1380 2575 1530 2621 Κροίσῳ
1554 2575 1693 2617 legitur,

246 2635 484 2667 nominativus
510 2633 661 2678 ἀμαθής
686 2635 722 2665 in
747 2634 844 2666 nullo
871 2634 960 2665 libro
986 2634 1054 2665 nisi
1080 2634 1116 2665 in
1141 2632 1187 2665 Α2
1213 2638 1245 2665 ct
1271 2633 1362 2675 apud
1387 2632 1522 2664 Vallam
1553 2631 1693 2662 exhibe-

246 2696 313 2732 tur,
340 2702 419 2723 cum
445 2692 617 2733 scriptura
644 2689 794 2734 ἀμαθέα
820 2691 855 2721 in
881 2691 1004 2722 ceteris
1031 2691 1193 2722 omnibus
1227 2690 1407 2721 codicibus
1441 2693 1473 2720 et
1506 2688 1541 2719 in
1566 2687 1693 2719 Aldina

248 2749 458 2780 inveniatur.
508 2748 669 2789 equidem
693 2751 787 2789 puto,
814 2758 856 2778 nc
882 2747 1030 2778 mutatio
1057 2747 1207 2778 subiecti
1237 2747 1308 2786 fiat,
1344 2750 1456 2777 totum
1492 2745 1607 2776 locum
1644 2744 1691 2775 ita

246 2805 499 2838 restituendum
536 2815 620 2844 csse,
658 2803 948 2845 quemadmodum
988 2814 1091 2845 supra
1128 2803 1291 2843 fecimus,
1328 2806 1368 2834 ut
1405 2802 1509 2833 Solon
1542 2799 1694 2843 ἀμαθής

248 2861 359 2893 videri
384 2861 531 2901 dicatur,
558 2856 597 2902 ὃς
622 2860 667 2895 τὰ
692 2859 879 2903 παρεόντα
904 2861 984 2893 κτλ.
