2055 3387
1027 317 1080 358 46

322 456 535 506 repetatur
566 447 656 491 ἔστι
688 450 782 504 (pro
814 446 972 502 ἔξεστι)
997 462 1007 488 t
1037 463 1128 489 cum
1156 447 1368 502 voluptate
1397 455 1531 487 autem
1561 446 1778 502 adspicere

322 522 485 564 nullum
515 521 588 562 hoc
618 520 754 576 πατρίς
784 519 878 561 licet
908 518 1100 573 (Baehr).

433 611 458 661 ξ
485 608 551 650 47.
610 607 751 648 Etiam
796 613 890 662 post
931 606 1107 646 verbum
1152 604 1358 660 ἕκχρᾶν
1395 605 1607 645 invenitur
1644 604 1777 644 infini-

323 681 431 720 tivus
458 678 726 720 accuratioris
758 676 1010 717 definitionis
1043 691 1052 716 ε
1083 675 1191 717 VIII
1223 676 1276 716 70
1306 668 1389 717 mix
1418 674 1621 730 ἐξέχρησέ
1649 687 1725 727 σφι
1753 668 1780 729 ἡ

322 745 456 806 ἡμέρη
485 750 726 804 ναυμαχίην
755 744 1029 803 ποιήσασθαι
1060 756 1144 788 tum
1174 746 1340 802 quidem
1371 746 1459 787 dies
1488 762 1570 787 non
1599 746 1777 801 suffecit,

324 838 402 877 quo
428 821 635 877 proelium
664 820 817 861 navale
845 820 1166 870 eommz'tterem5
1213 817 1360 858 eodem
1404 817 1526 858 modo
1566 823 1662 872 post
1689 830 1778 857 ver-

326 893 424 933 bum
454 885 711 945 (ἷποχρᾶν
743 906 751 930 :
782 889 893 941 V231
926 882 1194 943 ἅποχρέουσι
1224 888 1270 930 δὲ
1302 883 1462 930 ἑκατὸν
1490 888 1584 937 νέες
1612 883 1775 936 ταύτας

325 965 400 1018 (sc.
430 959 509 1012 τὰς
539 958 716 1016 νίσους)
747 957 892 1010 πάσας
920 956 1221 1015 χειρώσασθαι
1251 959 1464 1014 sufficient
1485 968 1620 1000 autem
1648 973 1777 1000 ‘naves

325 1044 483 1076 centum
513 1034 573 1075 ad
600 1034 677 1074 has
707 1048 844 1074 omnes
876 1032 949 1086 (sc.
982 1031 1165 1085 insulas)
1198 1030 1461 1087 subiyendas.

354 1194 451 1247 Cap.
480 1190 575 1234 VII.
643 1189 892 1232 Infinitivus
920 1187 1046 1231 finali
1078 1199 1208 1230 sensu
1239 1185 1296 1229 ad
1325 1186 1541 1229 obiectum
1571 1184 1753 1228 accedit.

437 1295 556 1348 §425
625 1293 660 1334 E
707 1291 957 1348 primigenia
1000 1290 1191 1331 infinitivi
1238 1290 1405 1329 notione
1448 1288 1568 1329 locali
1612 1288 1779 1328 finalem

326 1368 448 1408 facile
481 1364 682 1421 explicari
712 1377 804 1403 cum
836 1363 934 1403 satis
965 1367 1112 1401 notum
1142 1360 1206 1412 sit,
1237 1361 1318 1400 iam
1340 1359 1471 1399 verba
1493 1359 1778 1399 enumeranda

328 1444 436 1490 sunt,
467 1437 716 1492 quibuscum
745 1435 825 1474 hoc
856 1447 980 1473 sensu
1011 1432 1319 1472 substantivum
1353 1430 1463 1485 quod
1497 1429 1576 1470 fuit
1608 1430 1780 1470 verbale

329 1509 607 1562 coniungitur.
692 1506 731 1545 in
773 1505 904 1545 latina
948 1504 1094 1557 lingua
1138 1516 1213 1557 pro
1257 1501 1460 1541 infinitivo
1507 1500 1775 1555 participium

329 1581 456 1621 futuri
486 1578 643 1634 passivi
674 1576 863 1616 similiter
894 1573 1005 1629 apud
1038 1573 1186 1613 eadem
1216 1572 1305 1612 fere
1335 1571 1464 1611 verba
1490 1577 1726 1626 usurpatur.

438 1645 678 1698 διδόναι,
718 1640 1124 1700 παραδιδόναι,
1165 1636 1521 1684 ἀποδιδόναι
1551 1641 1572 1681 Ι
1602 1641 1653 1682 73
1683 1649 1782 1683 παῖ-

329 1724 404 1772 δας
433 1721 660 1776 παρέδωκε
682 1743 736 1748 -
756 1717 980 1771 ἐκμαθεῖν.
1043 1715 1119 1755 163
1149 1713 1295 1755 ἐδίδου
1316 1725 1392 1765 σᾳι
1409 1707 1608 1767 χρήματα
1637 1720 1782 1766 τεῖχος

325 1792 643 1848 περιβαλέσθαι
672 1785 751 1844 τὴν
780 1783 924 1829 πόλιν.
956 1786 1051 1827 210.
1102 1784 1146 1824 ΙΙ
1178 1785 1215 1824 2.
1247 1785 1311 1825 88.
1343 1783 1407 1823 89.
1443 1783 1531 1823 154.
1568 1782 1654 1823 178.
1713 1782 1782 1823 III

332 1866 420 1906 128.
457 1864 544 1904 159.
578 1862 666 1902 160.
710 1859 772 1900 IV
808 1859 895 1899 172.
955 1857 995 1897 V
1025 1856 1093 1896 23.
1124 1856 1188 1896 82.
1248 1853 1311 1895 VI
1339 1854 1405 1895 23.
1437 1853 1500 1895 89.
1536 1853 1624 1894 137.
1673 1852 1782 1892 VIII

333 1938 420 1978 127.
458 1936 545 1976 136.
605 1931 672 1973 IX
705 1931 792 1972 106.
828 1930 917 1969 111.
1002 1921 1350 1980 ἐπιτράπειν
1377 1924 1399 1964 Ι
1431 1925 1509 1964 153
1539 1922 1780 1978 ἐπιτρέψας

327 2008 533 2062 κομίζειν.
567 2002 675 2043 VIII
711 2000 798 2042 107.
835 2000 921 2041 118.
951 1997 1019 2038 IX
1053 1997 1112 2037 10.
1197 1990 1587 2050 παραβάλλειν
1616 1993 1662 2034 II
1691 1995 1779 2034 154.

329 2078 606 2133 παρέχειν
637 2073 697 2113 IV
733 2073 822 2112 141.
895 2070 1149 2124 μισθοῦν
1179 2066 1223 2106 II
1258 2068 1346 2107 180.
1381 2066 1416 2105 V
1451 2066 1516 2106 62.
1550 2063 1660 2104 VIII
1692 2064 1780 2104 121.

329 2150 397 2191 IX
412 2150 477 2190 34.
534 2142 782 2194 τάσσειν,
813 2136 1105 2183 διατάσσειν
1128 2138 1148 2178 1
1169 2138 1245 2178 110
1262 2136 1430 2191 ἐπορᾶν
1446 2136 1668 2190 τέταγμαι.
1691 2134 1780 2174 114.

329 2221 397 2262 III
426 2220 491 2261 97.
522 2218 585 2259 IV
619 2216 710 2257 133.
742 2214 781 2255 V
812 2213 864 2254 29
894 2212 968 2252 bis.
1002 2210 1091 2252 123.
1123 2208 1235 2250 VIII
1268 2209 1329 2249 13.
1389 2205 1618 2250 ἑλέσθαι
1649 2205 1687 2246 V
1716 2205 1781 2246 22.

330 2295 655 2347 προθεῖναι
685 2285 752 2326 IX
781 2285 846 2325 94.

442 2381 466 2430 ξ
497 2377 562 2419 49.
622 2375 761 2415 Etiam
793 2370 904 2426 apud
935 2369 1066 2409 verba
1095 2366 1297 2408 ‘mittendi
1324 2372 1365 2406 et
1395 2367 1428 2405 si
1459 2379 1566 2420 quae
1596 2364 1658 2404 his
1688 2368 1784 2403 sunt

332 2450 481 2492 similia
510 2446 759 2488 infinitivum
791 2441 960 2482 finalem
988 2438 1186 2479 invenies.
1258 2453 1291 2478 π
1309 2436 1415 2490 έμπ
1430 2451 1533 2486 ειν,
1575 2433 1782 2487 ἐκπέμ-

333 2538 397 2564 πε
415 2536 486 2569 ιν,
533 2516 903 2569 διαπέμπειν,
948 2504 1259 2563 ιῖποπέμπε
1277 2523 1331 2549 ιν
1378 2506 1463 2546 VII
1490 2506 1571 2547 208
1616 2504 1782 2558 ἔπεμπε

334 2617 383 2622 -
414 2586 699 2632 κατάσκοπον
729 2585 912 2626 ἰδέσθαι.
968 2581 990 2621 Ι
1019 2581 1084 2621 46.
1117 2580 1180 2620 81.
1240 2577 1326 2618 VII
1355 2577 1446 2617 236.
1547 2569 1782 2616 ἀπιέναι

335 2664 356 2704 Ι
389 2663 465 2703 194
493 2655 686 2712 καλάμης
730 2650 975 2708 πλήσαντες
1016 2653 1108 2692 πᾶν
1150 2644 1203 2690 τὸ
1246 2651 1407 2689 πλοῖον
1447 2649 1582 2687 τοῦτο
1619 2639 1783 2686 ἀπιεῖσι

333 2729 444 2776 κατα
472 2727 552 2772 τὸν
580 2723 785 2781 ποταμὸν
815 2725 1042 2778 φέρεσθαι.
1102 2720 1144 2761 II
1176 2720 1240 2759 96.
1299 2717 1367 2758 III
1398 2717 1461 2759 75.
1521 2716 1559 2756 V
1589 2718 1655 2757 20.
1696 2714 1785 2755 VII

336 2808 425 2846 121.
457 2803 523 2843 IX
553 2802 618 2842 96.
676 2792 1066 2839 ἅποστέλλειν
1096 2790 1164 2831 ΠΙ
1194 2790 1248 2830 25
1277 2788 1345 2830 ἐπ’
1381 2781 1644 2842 Ἀμμωνίους
1675 2780 1783 2828 ιῖπο-
