2055 3387
1028 351 1222 411 *ἕδνα

427 484 646 540 sequentia
675 496 808 538 usque
840 481 892 522 ad
924 481 1103 521 verbum
1133 482 1307 534 καρποῦ
1338 480 1444 518 sicut
1474 477 1767 518 antecedentia
1796 475 1887 528 ipsa

427 569 593 611 quoque
636 569 660 595 a
702 553 996 594 coniunctione
1036 551 1134 593 ἐπεὶ
1174 550 1361 606 pendere
1399 556 1525 604 atque
1556 549 1749 604 apodosis
1779 545 1883 589 haec

425 641 516 668 esse
537 625 728 666 videtur:
750 618 1039 678 ἁπτομένοισι
1069 622 1117 663 δέ
1146 634 1221 674 σφι
1253 621 1466 663 ἐπελθεῖν
1486 615 1646 675 ἄνδρας
1677 615 1883 674 σμικροὺς

426 700 507 739 κτλ
539 730 546 738 .
580 730 587 738 .
620 696 697 736 hoc
743 710 791 735 eo
835 701 897 735 est
937 693 1222 744 verisimilius,
1266 691 1378 747 quod
1421 691 1518 732 inde
1560 706 1584 732 a
1614 691 1752 731 verbis
1783 685 1885 734 ἁπτ.

427 769 477 809 δέ
505 780 580 819 σφι
611 781 766 807 novum
798 765 1031 806 subiectum
1060 764 1293 816 inducitur,
1337 778 1429 803 cum
1473 763 1517 803 in
1559 761 1750 802 omnibus
1782 776 1889 817 quae

428 838 682 879 antecedunt
712 838 884 877 iuvenes
914 834 975 889 (οἱ
1006 835 1191 890 νεηνίαι)
1216 834 1389 874 subiecti
1410 839 1550 889 partes
1573 833 1817 873 sustineant.
1839 855 1884 862 -——

426 910 468 949 in
499 908 702 964 particula
733 907 781 948 δέ
810 921 917 962 quae
948 912 1083 947 exstat
1111 907 1154 946 in
1185 904 1358 960 apodosi
1390 919 1484 944 cum
1515 903 1761 945 Hermanno
1802 917 1889 943 non

429 979 611 1030 offendo,
644 993 737 1018 cum
768 978 801 1018 is
832 984 945 1018 recte
977 976 1088 1017 dicat
1118 977 1318 1016 usitatum
1351 974 1527 1016 Graecis
1557 989 1649 1015 esse
1679 980 1773 1029 post
1801 973 1887 1029 ple·

427 1064 580 1105 rasque
622 1048 847 1104 particulas
893 1047 1142 1103 temporales
1188 1047 1230 1086 in
1273 1047 1409 1101 iisque
1454 1046 1635 1086 maxime
1664 1050 1758 1100 post
1789 1044 1887 1087 ἐπεὶ

430 1121 585 1161 inferre
615 1120 658 1159 in
689 1118 864 1174 apodosi
895 1117 1141 1174 particulam
1173 1117 1232 1158 δέ.
1302 1116 1355 1157 ad
1398 1117 1592 1171 exempla
1622 1130 1729 1171 quae
1759 1115 1889 1156 adn'o-

430 1192 537 1232 tavit
577 1206 630 1231 ex
668 1190 884 1230 Herodoto
925 1191 1016 1244 ipso
1054 1188 1255 1228 nonnulla
1299 1188 1516 1228 adiciam:
1560 1194 1656 1243 post
1696 1187 1894 1229 coniunc-

432 1262 592 1302 tionem
625 1259 706 1310 ἕως
735 1268 797 1301 ter
827 1261 869 1300 in
900 1260 1072 1315 apodosi
1104 1258 1315 1299 inducitur
1345 1259 1394 1300 δέ
1421 1258 1624 1314 particula
1655 1274 1663 1299 ε
1704 1258 1767 1299 IV
1801 1259 1890 1300 165.

432 1332 498 1374 IX
530 1333 566 1373 6.
598 1332 673 1384 7ος
705 1338 800 1387 post
830 1327 967 1373 ἐπεάν
998 1330 1334 1370 coniunctionem
1377 1331 1514 1384 ipsam
1555 1344 1723 1384 quoque
1753 1336 1816 1370 ter
1845 1329 1894 1371 δέ

433 1402 638 1459 particula
678 1403 720 1442 in
757 1401 932 1456 apodosi
977 1407 1113 1441 exstat
1144 1416 1151 1440 ε
1184 1400 1230 1441 ΙΙ
1266 1400 1352 1441 149.
1398 1399 1467 1439 III
1501 1400 1588 1442 108.
1631 1399 1695 1440 IV
1726 1401 1790 1451 72,
1821 1400 1894 1440 ubi

435 1488 519 1513 non
549 1479 660 1513 recte
691 1472 789 1512 mihi
822 1471 979 1512 Abicht
1008 1471 1257 1525 particulam
1289 1471 1337 1511 δέ
1377 1470 1584 1510 delevisse
1621 1469 1789 1511 videtur
1819 1470 1890 1524 (cf.

438 1544 631 1585 Kiihner.
663 1559 725 1598 gr.
759 1542 834 1584 Gr.
867 1545 890 1593 ξ
921 1542 1015 1592 533,
1048 1544 1101 1593 1).

548 1614 694 1655 eodem
726 1614 849 1654 modo
879 1612 1211 1668 intellegendum
1243 1613 1343 1653 mihi
1373 1612 1538 1653 videtur
1574 1612 1674 1652 illud
1706 1612 1754 1654 δέ
1783 1611 1895 1668 quod

436 1686 481 1726 ΙΙ
515 1686 592 1727 180
621 1692 714 1741 post
743 1681 1027 1738 ,Tme'yeroc
1059 1684 1321 1739 participium
1353 1690 1491 1724 exstat
1521 1699 1528 1723 :
1565 1677 1894 1737 Άμφικτυόνων

438 1757 483 1797 ὁὲ
513 1752 841 1810 μισθωσάντων
870 1751 951 1796 τὸν
981 1754 1029 1796 ἐν
1059 1756 1265 1806 Δελφοῖσι
1307 1757 1386 1795 νῦν
1424 1750 1556 1795 ἐόντα
1587 1750 1694 1809 νηὸν
1723 1769 1894 1808 τριηκο-

439 1829 547 1869 σίων
576 1823 809 1867 ταλάντων
839 1822 1157 1880 ἐξεργάσασθαι
1177 1839 1183 1844 ·
1216 1819 1239 1866 ὃ
1261 1821 1342 1879 γὰρ
1362 1821 1586 1879 πρότερον
1608 1821 1695 1866 ἐών
1721 1817 1896 1866 αὕθόθι

441 1891 702 1951 αι”τομάτος
730 1893 934 1949 κατεκάη,
966 1892 1070 1945 τοῖς
1100 1892 1298 1947 Δελφοὺς
1329 1895 1373 1936 δὲ
1405 1895 1591 1947 ἐπέβαλε
1630 1892 1898 1950 τεταρτημό-

442 1984 538 2022 ριον
568 1971 649 2009 τοῖ·
677 1963 966 2022 μισθώματος
996 1975 1262 2020 παρασχεῖν
1293 1962 1576 2019 πλανώμενοι
1607 1966 1650 2006 δὲ
1675 1965 1715 2006 οἱ
1733 1967 1897 2018 Δελφοὶ

441 2040 541 2093 περὶ
572 2034 650 2087 τας
678 2034 807 2087 πόλις
837 2037 1116 2090 ἐδωτίναζον.
1177 2051 1224 2077 ac
1257 2035 1374 2077 Stein
1406 2035 1575 2091 quidem
1618 2051 1710 2076 cum
1740 2037 1782 2076 in
1815 2036 1898 2076 edi-

443 2111 557 2150 tione
585 2124 621 2150 a.
656 2109 759 2150 1856
801 2108 979 2149 alterum
1020 2108 1068 2148 δέ
1096 2108 1137 2147 in
1184 2103 1235 2161 ὁη
1280 2112 1481 2147 mutasset
1520 2106 1651 2147 verba
1681 2100 1704 2147 ὁ
1734 2102 1816 2161 γὰρ
1849 2131 1894 2136 -

442 2188 684 2234 παρασχεῖν
723 2194 798 2234 pro
839 2178 1077 2233 parenthesi
1109 2178 1279 2228 habens,
1324 2178 1366 2217 in
1398 2177 1581 2217 editione
1611 2178 1752 2218 critica
1782 2177 1897 2231 prius

446 2251 494 2291 ὁέ
522 2251 563 2290 in
594 2247 643 2291 ds
675 2256 807 2290 mutat
838 2256 878 2290 et
908 2249 1036 2289 verba
1066 2243 1089 2289 ὃ
1120 2245 1201 2303 γὰρ
1226 2273 1275 2277 ——
1297 2244 1491 2303 κατεκάη
1511 2247 1789 2303 parenthesos
1810 2248 1900 2288 loco

445 2321 601 2361 inserta
631 2334 721 2361 esse
752 2326 881 2375 putat.
941 2319 1014 2359 sed
1044 2334 1110 2359 me
1139 2318 1275 2359 iudice
1306 2318 1406 2358 nihil
1436 2317 1683 2358 mutandum
1713 2325 1794 2369 est,
1825 2319 1901 2358 im—

447 2405 514 2431 mo
546 2405 644 2432 vero
675 2397 839 2430 tantum
872 2390 990 2430 abest
1018 2396 1065 2430 ut
1108 2404 1199 2430 cum
1232 2389 1428 2429 Abichtio
1472 2390 1586 2443 prius
1617 2389 1666 2430 δέ
1692 2388 1901 2439 eiciamus,

448 2468 493 2502 ut
522 2475 574 2501 ne
604 2461 888 2501 accusativum
928 2460 1095 2514 quidem
1128 2456 1233 2508 τοὺς
1263 2456 1463 2511 Δελᾳοίς
1507 2459 1584 2499 isto
1631 2459 1831 2500 suadente
1860 2459 1902 2499 in

451 2531 636 2571 dativum
674 2540 767 2580 τοῖς
797 2532 985 2583 Δελφοῖς
1030 2531 1122 2585 (pro
1168 2544 1249 2584 quo
1297 2531 1385 2569 sine
1429 2529 1554 2569 dubio
1602 2529 1684 2582 legi
1729 2529 1902 2569 deberet

448 2610 562 2643 τοῖσι
589 2603 815 2654 Δελφοῖσι)
848 2608 1070 2640 mutemus.
1129 2600 1307 2655 protasis
1339 2600 1449 2639 enim
1479 2606 1540 2639 est
1578 2592 1904 2651 Άυᾳικτυόνων

455 2696 498 2701 ——
534 2668 874 2726 ἐξεργάσασθαι,
913 2669 1107 2724 apodosis
1150 2666 1434 2723 πλανώμενοι
1464 2670 1513 2710 δέ
1541 2694 1593 2698 -—-
1623 2669 1902 2723 ἐδωτίναζον,

450 2743 610 2782 inserta
640 2748 736 2783 sunt
767 2742 846 2782 duo
878 2742 1091 2782 enuntiata
1120 2735 1143 2782 ὁ
1182 2737 1263 2795 γὰρ
1297 2765 1340 2770 -
1374 2736 1565 2794 κατεκάη
1596 2746 1637 2780 et
1666 2736 1771 2789 τοὺς
1800 2742 1901 2782 Δελ-

454 2809 564 2865 ᾳοίς
595 2813 640 2853 δὲ
674 2837 717 2842 -
752 2821 1004 2866 παρασχεῖν.
