2055 3387
979 391 1005 432 3

600 525 698 580 Gap.
726 524 781 567 ΙΙ.
837 524 899 567 De
929 524 1148 567 infinitivo
1179 524 1393 568 absoluto.

383 616 409 666 ξ
439 613 477 654 3.
536 611 663 653 Haud
693 626 787 652 raro
817 611 929 667 apud
958 611 1223 653 Herodotum
1253 613 1464 653 invenitur
1493 612 1723 653 infinitivus

274 686 343 741 qui
375 684 523 725 dicitur
553 682 792 734 absolutus,
835 697 960 739 saepe
999 698 1091 723 cum
1132 677 1191 731 ὡς
1230 683 1436 738 particula
1466 684 1722 724 coniunctus.

275 756 400 797 etiam
431 754 542 794 hunc
572 768 691 794 usum
734 753 786 793 ab
826 754 918 808 ipsa
958 753 1151 793 infinitivi
1190 755 1231 793 vi
1261 754 1459 794 nominali
1489 754 1723 809 profectum

275 841 366 868 esse
392 831 506 882 puto,
535 839 627 864 cum
658 823 837 879 exempli
867 825 1004 879 gratia
1033 823 1129 878 ε’μοὶ
1160 825 1330 866 ὁόκεέιν
1360 825 1608 865 vertendum
1640 826 1722 865 sit:

273 899 330 939 im
367 896 563 938 Bereiche
603 895 763 950 (locat.)
796 894 866 935 des
893 895 976 935 mir
1005 895 1237 948 Scheimns,
1270 901 1394 950 atque
1425 895 1477 935 ad
1508 896 1633 936 talem
1662 897 1721 936 in—

272 968 477 1009 finitivum
509 967 755 1022 particulam
784 960 843 1016 ὡς
873 966 1074 1007 accedere
1108 968 1200 1021 quis
1232 972 1294 1007 est
1324 967 1394 1021 qui
1424 967 1599 1007 miretur
1630 982 1722 1007 cum

272 1040 342 1080 illa
371 1040 458 1079 eius
490 1038 560 1093 qui
590 1038 776 1093 loquitur
811 1038 1018 1078 sententia
1049 1038 1345 1093 exprimatur?
1416 1038 1596 1079 formula
1625 1037 1723 1092 ἐμοὶ

273 1110 444 1151 δοκέειν
486 1110 552 1150 vel
594 1109 766 1151 δοκέειν
808 1108 905 1162 ἐμοί
947 1109 1195 1149 invenitur:
1241 1110 1262 1150 Ι
1294 1109 1358 1149 72.
1415 1109 1461 1150 II
1491 1109 1528 1149 4.
1560 1110 1624 1150 42.
1658 1109 1722 1149 77.

274 1180 343 1221 III
371 1181 438 1222 45.
473 1181 561 1222 135.
630 1180 668 1220 V
699 1180 763 1221 67.
796 1180 860 1220 69.
934 1179 997 1220 VI
1026 1180 1091 1220 30.
1150 1179 1239 1220 VII
1270 1180 1306 1220 3.
1343 1180 1430 1221 173.
1462 1180 1554 1221 229.
1614 1179 1726 1220 VIII

273 1252 338 1292 22.
369 1251 433 1292 63.
469 1251 557 1292 103.
616 1246 734 1305 λόγῳ
763 1249 934 1291 εἰπεϊν;
965 1249 1009 1289 ΙΙ
1029 1250 1077 1290 21
1112 1244 1137 1304 ἡ
1167 1250 1202 1291 δ’
1233 1249 1360 1305 ἑτέρη
1389 1243 1726 1305 (ἷνεπίστημονε-

273 1322 402 1377 στερη
429 1322 510 1376 μέν
539 1321 630 1363 ἐστι
669 1324 745 1376 τῆς
787 1320 1064 1376 λελεγμένης,
1105 1317 1224 1375 λόγῳ
1264 1321 1310 1362 δὲ
1352 1320 1505 1372 εἰπεῖν,
1546 1325 1725 1375 θωυμα-

272 1393 470 1448 σιωτέρη.
530 1408 578 1433 ac
608 1392 747 1433 Baehr
776 1393 903 1432 vertit
932 1391 1152 1432 formulam
1182 1388 1301 1446 λόγῳ
1333 1391 1474 1433 εἰπεῖν
1516 1401 1560 1432 ιιι
1605 1393 1725 1433 verbo

275 1464 414 1505 dicam
436 1479 466 1504 s.
492 1478 627 1519 prope
655 1463 833 1514 modum,
856 1462 927 1503 sed
959 1463 1110 1503 rectius
1132 1463 1311 1503 fortasse
1341 1464 1517 1504 verteris
1545 1471 1590 1504 ut
1617 1472 1725 1504 ‘recto

272 1536 392 1576 verbo
421 1544 531 1576 utar.
592 1535 711 1575 deest
740 1533 943 1589 particula
973 1527 1031 1582 ὡς
1061 1534 1183 1574 etiam
1204 1534 1245 1573 in
1278 1533 1457 1574 formula
1488 1526 1541 1575 οὗ
1570 1536 1725 1588 πολλῷ

271 1602 391 1661 λόγῳ
423 1605 563 1647 εἰπεῖν
584 1620 592 1645 :
614 1605 635 1645 Ι
656 1606 704 1646 61
740 1601 849 1659 μετά
880 1604 939 1655 δὲ,
970 1598 1022 1646 οὗ
1051 1607 1206 1659 πολλῷ
1235 1601 1354 1659 λόγῳ
1384 1604 1536 1655 εἰπεῖν,
1564 1600 1725 1659 χρόνος

272 1677 400 1729 διέφυ
428 1677 497 1717 καὶ
520 1672 667 1717 πάντα
697 1688 772 1728 σφι
803 1671 1014 1730 ἐξήρτυτο
1046 1674 1089 1724 ἐς
1117 1671 1198 1729 τὴν
1225 1671 1420 1717 κάτοδον
1440 1676 1464 1715 i.
1489 1690 1522 1716 e.
1545 1684 1589 1716 ιιι
1614 1691 1722 1730 pau-

271 1748 331 1789 cis
361 1747 596 1797 absolvam,
639 1755 797 1801 tempus
833 1746 1174 1801 praeterlapsum
1204 1755 1261 1787 est
1292 1755 1328 1787 ει
1357 1747 1497 1787 omnia
1527 1747 1636 1801 apsis
1665 1746 1725 1786 ad

271 1818 451 1859 reditum
477 1825 636 1872 parata
666 1825 774 1857 sunt.
824 1816 877 1856 cf.
911 1817 1033 1856 etiam
1066 1815 1112 1856 II
1133 1816 1181 1856 91
1214 1811 1266 1857 τὸ
1298 1816 1344 1857 δὲ
1375 1812 1551 1870 σύμπαν
1582 1816 1724 1857 εἰπεῖν

272 1894 314 1930 et
342 1888 412 1929 III
441 1888 494 1929 82
522 1885 586 1928 ἑνὶ
616 1886 661 1928 δὲ
684 1885 781 1928 ἔπεϊ
797 1882 944 1928 πάντα
965 1882 1240 1938 συλλαβόντα
1262 1885 1413 1928 εἰπεῖν.
1452 1886 1487 1926 V
1509 1888 1563 1929 50
1584 1893 1723 1927 exstat

270 1973 394 2015 porro
425 1958 473 2000 ἓν
500 1953 612 2013 πρὸς
635 1955 680 1999 ἕν
700 1953 962 2011 συμβάλλειν
983 1972 992 1997 :
1014 1956 1110 1998 ἐπεὶ
1132 1951 1251 2011 ὕδωρ
1277 1973 1325 2011 γε
1346 1956 1394 1999 ἓν
1415 1953 1528 2012 πρὸς
1548 1956 1597 1999 ἓν
1621 1970 1720 2011 συμ-

270 2026 460 2082 βάλλειν,
490 2023 513 2070 ὁ
545 2032 703 2077 Νεῖλος
732 2025 898 2083 πλήθεϊ
925 2022 1203 2083 εἷποκοατεἐι.
1263 2043 1410 2068 sensus
1434 2035 1526 2069 est:
1558 2044 1656 2069 nam
1685 2029 1726 2069 si

273 2101 403 2142 solius
435 2099 574 2153 (Istrz)
596 2114 680 2154 per
708 2114 749 2139 se
778 2114 929 2153 aquam
961 2098 1182 2139 eum-Nili
1206 2114 1318 2153 aqua
1348 2099 1567 2152 confera87
1599 2100 1721 2154 copia

270 2171 392 2212 illum
434 2180 605 2225 superat
646 2170 788 2211 Nilus.
821 2193 871 2199 —
916 2170 996 2210 alia
1038 2169 1218 2209 formula
1261 2175 1324 2209 est
1363 2165 1415 2210 τὸ
1456 2169 1502 2210 δὲ·
1545 2165 1722 2223 σι’·μπαν

273 2239 384 2283 εἶναι
413 2240 501 2281 VII
526 2241 601 2281 143
623 2240 666 2281 οἳ
695 2233 776 2281 οἰκ
807 2239 893 2282 ἔων
921 2241 1163 2295 ναυμαχίην
1195 2233 1447 2294 ιῖρτεέσθαι,
1477 2235 1528 2281 τὸ
1552 2240 1598 2281 δὲ
1619 2236 1721 2294 σύμ-

272 2326 363 2352 παν
383 2308 494 2352 εἶναι
525 2304 627 2351 οἰδὲ-
654 2319 801 2365 χεῖρας
822 2304 1133 2365 ἀνταείρεσθαι
1155 2311 1222 2351 ubi
1241 2310 1380 2350 Bachr
1397 2325 1490 2350 cum
1509 2310 1720 2366 Schweig-

273 2381 473 2422 haeusero
519 2387 629 2421 errat
671 2388 838 2422 vertens
869 2397 877 2421 :
910 2382 1055 2422 etenim
1084 2390 1198 2422 vates
1228 2395 1258 2420 s.
1290 2381 1553 2421 oraculorum
1594 2382 1718 2422 inter-

267 2460 404 2507 pretes
447 2451 766 2492 Atheniensibus
813 2451 1113 2492 dissuadebant
1164 2444 1264 2504 (οἰκ
1309 2449 1412 2503 ἔων)
1463 2462 1721 2506 apparatum

264 2537 438 2579 puynae
466 2522 636 2563 navalis
663 2522 922 2576 faciendum,
953 2522 1026 2563 sed
1054 2538 1255 2563 summam
1285 2522 1351 2562 rei
1375 2522 1420 2562 in
1450 2537 1494 2563 eo
1523 2524 1630 2564 verti
1657 2523 1719 2564 di-

273 2593 437 2644 cebant,
482 2602 525 2634 ut
568 2608 617 2634 ne
659 2609 808 2633 manus
851 2592 1015 2648 quidem
1057 2593 1127 2646 (ad
1158 2591 1422 2648 repellendos
1452 2592 1605 2645 hostes,
1650 2594 1720 2648 qui

273 2664 458 2704 invasuri
489 2664 646 2714 essent)
678 2663 876 2712 tollerent,
907 2663 979 2704 sed
1005 2677 1040 2704 e.
1062 2677 1100 2718 q.
1121 2678 1152 2703 s.
1186 2695 1194 2703 .
1226 2694 1234 2702 .
1268 2695 1275 2703 .
1307 2677 1401 2703 nam
1434 2663 1562 2703 verba
1590 2659 1643 2704 τὸ
1674 2664 1720 2704 δὲ

274 2729 449 2787 σύμπαν
479 2730 589 2774 εἶναι
618 2748 702 2773 non
733 2733 970 2787 significant
999 2748 1200 2773 summam
1233 2734 1291 2773 rei
1323 2734 1365 2773 in
1397 2747 1444 2773 eo
1476 2735 1602 2784 verti,
1648 2734 1719 2774 sed

275 2810 372 2844 sunt
399 2818 474 2859 pro
503 2803 705 2844 infinitivo
737 2804 926 2844 absoluto
948 2803 1140 2844 habenda
1160 2803 1230 2858 qui
1251 2802 1361 2843 idem
1382 2809 1444 2843 est
1463 2818 1512 2843 ac
1531 2810 1718 2844 nostrum

274 2873 398 2925 kurz,
429 2874 684 2929 iiberlzaupt,
715 2876 900 2928 omnino,
924 2890 1115 2929 prorsus:
1175 2872 1422 2914 vertendum
1452 2874 1580 2927 igitur
1610 2889 1619 2914 ε
1650 2876 1726 2929 qui

1405 2954 1418 2982 l
1436 2950 1457 2970 ’k
